<?xml version="1.0" encoding="UTF-8"?>
<!DOCTYPE html PUBLIC "-//W3C//DTD XHTML 1.0 Transitional//EN"
    "http://www.w3.org/TR/xhtml1/DTD/xhtml1-transitional.dtd">
<html xmlns="http://www.w3.org/1999/xhtml" xml:lang="en" lang="en">
 <head>
  <title>
</title>
<meta http-equiv="Content-Type" content="text/html;charset=utf-8" />
  <meta name='ocr-system' content='tesseract 3.04.00' />
  <meta name='ocr-capabilities' content='ocr_page ocr_carea ocr_par ocr_line ocrx_word'/>
</head>
<body>
  <div class='ocr_page' id='page_1' title='image "./philosophinatur00cotegoog_0416.png"; bbox 0 0 4344 5648; ppageno 0'>
   <div class='ocr_carea' id='block_1_1' title="bbox 431 229 1733 367">
    <p class='ocr_par' dir='ltr' id='par_1_1' title="bbox 431 229 1733 367">
     <span class='ocr_line' id='line_1_1' title="bbox 431 229 1733 367; baseline 0.012 -40"><span class='ocrx_word' id='word_1_1' title='bbox 431 231 838 328; x_wconf 77' lang='lat' dir='ltr'>PRINCIPIA</span> <span class='ocrx_word' id='word_1_2' title='bbox 884 229 1480 333; x_wconf 86' lang='lat' dir='ltr'>MATHEMATICA.</span> <span class='ocrx_word' id='word_1_3' title='bbox 1634 261 1733 367; x_wconf 84' lang='lat'>353&#39;</span> 
     </span>
    </p>
   </div>
   <div class='ocr_carea' id='block_1_2' title="bbox 163 387 1968 1506">
    <p class='ocr_par' dir='ltr' id='par_1_2' title="bbox 163 387 1968 1255">
     <span class='ocr_line' id='line_1_2' title="bbox 163 387 1916 520; baseline 0.002 -28"><span class='ocrx_word' id='word_1_4' title='bbox 163 409 358 492; x_wconf 67' lang='lat' dir='ltr'><strong>innocuo</strong></span> <span class='ocrx_word' id='word_1_5' title='bbox 377 402 570 492; x_wconf 87' lang='lat' dir='ltr'>describit</span> <span class='ocrx_word' id='word_1_6' title='bbox 588 402 762 516; x_wconf 86' lang='lat' dir='ltr'><strong>spatium</strong></span> <span class='ocrx_word' id='word_1_7' title='bbox 780 401 814 488; x_wconf 94' lang='lat' dir='ltr'>F</span> <span class='ocrx_word' id='word_1_8' title='bbox 831 401 901 490; x_wconf 90' lang='lat' dir='ltr'><strong>seu</strong></span> <span class='ocrx_word' id='word_1_9' title='bbox 929 431 980 511; x_wconf 89' lang='lat'><strong>¹4</strong></span> <span class='ocrx_word' id='word_1_10' title='bbox 989 405 1081 515; x_wconf 79' lang='lat' dir='ltr'><strong>ped.</strong></span> <span class='ocrx_word' id='word_1_11' title='bbox 1101 417 1149 508; x_wconf 59' lang='grc' dir='ltr'><strong>ςέ-</strong></span> <span class='ocrx_word' id='word_1_12' title='bbox 1167 406 1244 520; x_wconf 81' lang='lat' dir='ltr'><strong>dig.</strong></span> <span class='ocrx_word' id='word_1_13' title='bbox 1265 426 1454 520; x_wconf 90' lang='lat' dir='ltr'><strong>ternpore</strong></span> <span class='ocrx_word' id='word_1_14' title='bbox 1486 407 1584 514; x_wconf 81' lang='lat' dir='ltr'><strong>57m</strong></span> <span class='ocrx_word' id='word_1_15' title='bbox 1606 409 1761 514; x_wconf 66' lang='grc' dir='ltr'><strong>ς8””,η</strong></span> <span class='ocrx_word' id='word_1_16' title='bbox 1788 387 1916 476; x_wconf 59' lang='grc' dir='ltr'><strong>[τίει</strong></span> 
     </span>
     <span class='ocr_line' id='line_1_3' title="bbox 163 512 1968 643; baseline 0.007 -33"><span class='ocrx_word' id='word_1_17' title='bbox 163 523 217 610; x_wconf 74' lang='lat' dir='ltr'><strong>dr</strong></span> <span class='ocrx_word' id='word_1_18' title='bbox 236 528 496 614; x_wconf 86' lang='lat' dir='ltr'><strong>velocitatem</strong></span> <span class='ocrx_word' id='word_1_19' title='bbox 527 530 743 616; x_wconf 84' lang='lat' dir='ltr'><strong>maximam</strong></span> <span class='ocrx_word' id='word_1_20' title='bbox 768 528 942 643; x_wconf 85' lang='lat' dir='ltr'><strong>acquirit</strong></span> <span class='ocrx_word' id='word_1_21' title='bbox 963 555 1140 642; x_wconf 88' lang='lat' dir='ltr'><strong>quacum</strong></span> <span class='ocrx_word' id='word_1_22' title='bbox 1168 531 1289 640; x_wconf 85' lang='lat' dir='ltr'><strong>poffir</strong></span> <span class='ocrx_word' id='word_1_23' title='bbox 1318 532 1360 616; x_wconf 89' lang='lat' dir='ltr'><strong>in</strong></span> <span class='ocrx_word' id='word_1_24' title='bbox 1392 558 1485 618; x_wconf 89' lang='lat' dir='ltr'><strong>aere</strong></span> <span class='ocrx_word' id='word_1_25' title='bbox 1513 512 1968 622; x_wconf 66' lang='lat' dir='ltr'><strong>descende-³⁵⁶⁰⁸⁰⁰³&#39;</strong></span> 
     </span>
     <span class='ocr_line' id='line_1_4' title="bbox 169 642 1739 768; baseline 0.004 -33"><span class='ocrx_word' id='word_1_26' title='bbox 169 675 229 736; x_wconf 87' lang='lat' dir='ltr'><strong>re.</strong></span> <span class='ocrx_word' id='word_1_27' title='bbox 284 642 380 733; x_wconf 90' lang='lat' dir='ltr'><strong>Hac</strong></span> <span class='ocrx_word' id='word_1_28' title='bbox 400 652 619 738; x_wconf 88' lang='lat' dir='ltr'><strong>velocitate</strong></span> <span class='ocrx_word' id='word_1_29' title='bbox 645 651 803 762; x_wconf 83' lang='lat' dir='ltr'>globus,</span> <span class='ocrx_word' id='word_1_30' title='bbox 831 671 1020 763; x_wconf 88' lang='lat' dir='ltr'><strong>tempore</strong></span> <span class='ocrx_word' id='word_1_31' title='bbox 1043 651 1099 736; x_wconf 86' lang='lat'><strong>8‘&#39;</strong></span> <span class='ocrx_word' id='word_1_32' title='bbox 1120 651 1231 751; x_wconf 82' lang='lat'><strong>12&#39;‘&#39;,</strong></span> <span class='ocrx_word' id='word_1_33' title='bbox 1257 653 1460 739; x_wconf 85' lang='lat' dir='ltr'>describet</span> <span class='ocrx_word' id='word_1_34' title='bbox 1479 655 1648 767; x_wconf 90' lang='lat' dir='ltr'><strong>spatium</strong></span> <span class='ocrx_word' id='word_1_35' title='bbox 1661 683 1739 768; x_wconf 86' lang='lat' dir='ltr'><strong>pe-</strong></span> 
     </span>
     <span class='ocr_line' id='line_1_5' title="bbox 168 769 1736 893; baseline 0.004 -37"><span class='ocrx_word' id='word_1_36' title='bbox 168 769 270 856; x_wconf 87' lang='lat' dir='ltr'><strong>dum</strong></span> <span class='ocrx_word' id='word_1_37' title='bbox 297 800 375 876; x_wconf 87' lang='lat'><strong>245</strong></span> <span class='ocrx_word' id='word_1_38' title='bbox 407 771 705 888; x_wconf 78' lang='lat' dir='ltr'><strong>&amp;digitorum</strong></span> <span class='ocrx_word' id='word_1_39' title='bbox 732 789 791 878; x_wconf 77' lang='lat'>5-;·.</span> <span class='ocrx_word' id='word_1_40' title='bbox 846 775 975 860; x_wconf 86' lang='lat' dir='ltr'><strong>Aufer</strong></span> <span class='ocrx_word' id='word_1_41' title='bbox 1002 777 1140 876; x_wconf 88' lang='lat'>1,3863</span> <span class='ocrx_word' id='word_1_42' title='bbox 1172 776 1204 862; x_wconf 92' lang='lat' dir='ltr'>F</span> <span class='ocrx_word' id='word_1_43' title='bbox 1229 777 1297 862; x_wconf 89' lang='lat' dir='ltr'><strong>seu</strong></span> <span class='ocrx_word' id='word_1_44' title='bbox 1325 805 1378 858; x_wconf 93' lang='lat'><strong>20</strong></span> <span class='ocrx_word' id='word_1_45' title='bbox 1397 777 1489 889; x_wconf 83' lang='lat' dir='ltr'><strong>ped.</strong></span> <span class='ocrx_word' id='word_1_46' title='bbox 1516 791 1566 871; x_wconf 59' lang='grc' dir='ltr'><strong>οὲ</strong></span> <span class='ocrx_word' id='word_1_47' title='bbox 1594 780 1672 893; x_wconf 85' lang='lat' dir='ltr'><strong>dig.</strong></span> <span class='ocrx_word' id='word_1_48' title='bbox 1692 779 1736 862; x_wconf 80' lang='lat' dir='ltr'><strong>dr</strong></span> 
     </span>
     <span class='ocr_line' id='line_1_6' title="bbox 168 893 1737 1014; baseline 0.004 -36"><span class='ocrx_word' id='word_1_49' title='bbox 168 896 393 980; x_wconf 87' lang='lat' dir='ltr'><strong>manebunt</strong></span> <span class='ocrx_word' id='word_1_50' title='bbox 420 926 498 1001; x_wconf 87' lang='lat'><strong>225</strong></span> <span class='ocrx_word' id='word_1_51' title='bbox 518 897 608 1008; x_wconf 81' lang='lat' dir='ltr'><strong>ped.</strong></span> <span class='ocrx_word' id='word_1_52' title='bbox 631 925 653 1000; x_wconf 94' lang='lat'><em>5</em></span> <span class='ocrx_word' id='word_1_53' title='bbox 674 897 752 1008; x_wconf 78' lang='lat' dir='ltr'><strong>dig.</strong></span> <span class='ocrx_word' id='word_1_54' title='bbox 806 893 1103 1007; x_wconf 80' lang='lat' dir='ltr'><strong>Hoc&#39;spatium</strong></span> <span class='ocrx_word' id='word_1_55' title='bbox 1129 901 1254 1011; x_wconf 90' lang='lat' dir='ltr'><strong>igitur</strong></span> <span class='ocrx_word' id='word_1_56' title='bbox 1284 902 1442 1013; x_wconf 86' lang='lat' dir='ltr'><strong>globus,</strong></span> <span class='ocrx_word' id='word_1_57' title='bbox 1470 923 1656 1014; x_wconf 89' lang='lat' dir='ltr'><strong>tempore</strong></span> <span class='ocrx_word' id='word_1_58' title='bbox 1681 897 1737 984; x_wconf 87' lang='lat'><strong>8&#39;&#39;</strong></span> 
     </span>
     <span class='ocr_line' id='line_1_7' title="bbox 174 1015 1735 1136; baseline 0.008 -38"><span class='ocrx_word' id='word_1_59' title='bbox 174 1015 289 1116; x_wconf 88' lang='lat' dir='ltr'><strong>r2&#39;&#39;‘,</strong></span> <span class='ocrx_word' id='word_1_60' title='bbox 330 1016 520 1104; x_wconf 87' lang='lat' dir='ltr'><strong>cadendo</strong></span> <span class='ocrx_word' id='word_1_61' title='bbox 552 1019 786 1106; x_wconf 82' lang='lat' dir='ltr'><strong>describere</strong></span> <span class='ocrx_word' id='word_1_62' title='bbox 820 1019 964 1104; x_wconf 87' lang='lat' dir='ltr'><strong>debuit</strong></span> <span class='ocrx_word' id='word_1_63' title='bbox 999 1045 1073 1132; x_wconf 89' lang='lat' dir='ltr'><strong>per</strong></span> <span class='ocrx_word' id='word_1_64' title='bbox 1112 1025 1349 1110; x_wconf 61' lang='lat' dir='ltr'><strong>theoriam.‘</strong></span> <span class='ocrx_word' id='word_1_65' title='bbox 1387 1023 1606 1136; x_wconf 87' lang='lat' dir='ltr'><strong>Descripsrt</strong></span> <span class='ocrx_word' id='word_1_66' title='bbox 1634 1051 1735 1110; x_wconf 90' lang='lat' dir='ltr'><strong>vero</strong></span> 
     </span>
     <span class='ocr_line' id='line_1_8' title="bbox 169 1139 1735 1255; baseline 0.006 -32"><span class='ocrx_word' id='word_1_67' title='bbox 169 1139 342 1252; x_wconf 82' lang='lat' dir='ltr'><strong>spatium</strong></span> <span class='ocrx_word' id='word_1_68' title='bbox 366 1170 446 1224; x_wconf 89' lang='lat'><strong>220</strong></span> <span class='ocrx_word' id='word_1_69' title='bbox 465 1142 620 1255; x_wconf 90' lang='lat' dir='ltr'><strong>pedum</strong></span> <span class='ocrx_word' id='word_1_70' title='bbox 644 1167 718 1254; x_wconf 88' lang='lat' dir='ltr'><strong>per</strong></span> <span class='ocrx_word' id='word_1_71' title='bbox 739 1145 1079 1254; x_wconf 87' lang='lat' dir='ltr'><strong>experimentum.</strong></span> <span class='ocrx_word' id='word_1_72' title='bbox 1146 1145 1391 1234; x_wconf 85' lang='lat' dir='ltr'><strong>Differenria</strong></span> <span class='ocrx_word' id='word_1_73' title='bbox 1418 1147 1648 1234; x_wconf 77' lang='lat' dir='ltr'><strong>insensibilis</strong></span> <span class='ocrx_word' id='word_1_74' title='bbox 1666 1148 1735 1232; x_wconf 82' lang='lat' dir='ltr'><strong>eli·</strong></span> 
     </span>
    </p>

    <p class='ocr_par' dir='ltr' id='par_1_3' title="bbox 169 1265 1738 1506">
     <span class='ocr_line' id='line_1_9' title="bbox 227 1265 1738 1384; baseline 0.005 -35"><span class='ocrx_word' id='word_1_75' title='bbox 227 1265 431 1350; x_wconf 86' lang='lat' dir='ltr'><strong>Similibus</strong></span> <span class='ocrx_word' id='word_1_76' title='bbox 459 1267 664 1378; x_wconf 85' lang='lat' dir='ltr'><strong>computis</strong></span> <span class='ocrx_word' id='word_1_77' title='bbox 681 1267 734 1352; x_wconf 83' lang='lat' dir='ltr'><strong>ad</strong></span> <span class='ocrx_word' id='word_1_78' title='bbox 754 1269 932 1382; x_wconf 88' lang='lat' dir='ltr'><strong>reliquos</strong></span> <span class='ocrx_word' id='word_1_79' title='bbox 958 1273 1082 1356; x_wconf 88' lang='lat' dir='ltr'><strong>etiam</strong></span> <span class='ocrx_word' id='word_1_80' title='bbox 1102 1270 1248 1379; x_wconf 85' lang='lat' dir='ltr'><strong>globos</strong></span> <span class='ocrx_word' id='word_1_81' title='bbox 1273 1296 1366 1356; x_wconf 88' lang='lat' dir='ltr'><strong>aere</strong></span> <span class='ocrx_word' id='word_1_82' title='bbox 1393 1272 1536 1383; x_wconf 84' lang='lat' dir='ltr'><strong>plenos</strong></span> <span class='ocrx_word' id='word_1_83' title='bbox 1564 1272 1738 1384; x_wconf 89' lang='lat' dir='ltr'><strong>applica·</strong></span> 
     </span>
     <span class='ocr_line' id='line_1_10' title="bbox 169 1387 891 1506; baseline 0.011 -35"><span class='ocrx_word' id='word_1_84' title='bbox 169 1389 237 1485; x_wconf 84' lang='lat' dir='ltr'><strong>tir,</strong></span> <span class='ocrx_word' id='word_1_85' title='bbox 263 1389 427 1476; x_wconf 88' lang='lat' dir='ltr'><strong>confeci</strong></span> <span class='ocrx_word' id='word_1_86' title='bbox 446 1387 621 1476; x_wconf 84' lang='lat' dir='ltr'><strong>tabulam</strong></span> <span class='ocrx_word' id='word_1_87' title='bbox 640 1390 891 1506; x_wconf 82' lang='lat' dir='ltr'><strong>sequentem.</strong></span> 
     </span>
    </p>
   </div>
   <div class='ocr_carea' id='block_1_3' title="bbox 191 1643 1443 2053">
    <p class='ocr_par' dir='ltr' id='par_1_4' title="bbox 191 1643 1443 2053">
     <span class='ocr_line' id='line_1_11' title="bbox 191 1643 1359 1946; baseline 0.007 -120"><span class='ocrx_word' id='word_1_88' title='bbox 191 1743 401 1854; x_wconf 77' lang='lat' dir='ltr'><strong>Globorum</strong></span> <span class='ocrx_word' id='word_1_89' title='bbox 431 1748 594 1834; x_wconf 72' lang='lat' dir='ltr'><strong>Dime-</strong></span> <span class='ocrx_word' id='word_1_90' title='bbox 623 1643 895 1834; x_wconf 48' lang='lat' dir='ltr'><strong>{mame}</strong></span> <span class='ocrx_word' id='word_1_91' title='bbox 976 1753 1121 1946; x_wconf 46' lang='lat' dir='ltr'><strong>§otia</strong></span> <span class='ocrx_word' id='word_1_92' title='bbox 1148 1752 1359 1860; x_wconf 80' lang='lat' dir='ltr'><strong>describen-</strong></span> 
     </span>
     <span class='ocr_line' id='line_1_12' title="bbox 192 1855 1443 2053; baseline 0.01 -118"><span class='ocrx_word' id='word_1_93' title='bbox 192 1855 383 1964; x_wconf 77' lang='lat' dir='ltr'><strong>pondera.</strong></span> <span class='ocrx_word' id='word_1_94' title='bbox 481 1861 554 1944; x_wconf 85' lang='lat' dir='ltr'><strong>tri.</strong></span> <span class='ocrx_word' id='word_1_95' title='bbox 622 1857 814 2053; x_wconf 48' lang='lat' dir='ltr'><strong>215ququ</strong></span> <span class='ocrx_word' id='word_1_96' title='bbox 820 1879 898 2050; x_wconf 64' lang='lat' dir='ltr'><strong>pe·</strong></span> <span class='ocrx_word' id='word_1_97' title='bbox 1002 1879 1125 1974; x_wconf 80' lang='lat' dir='ltr'><strong>aper</strong></span> <span class='ocrx_word' id='word_1_98' title='bbox 1154 1863 1362 1948; x_wconf 79' lang='lat' dir='ltr'><strong>theoriam,</strong></span> <span class='ocrx_word' id='word_1_99' title='bbox 1397 1925 1443 1938; x_wconf 80' lang='lat'><strong>..</strong></span> 
     </span>
    </p>
   </div>
   <div class='ocr_carea' id='block_1_4' title="bbox 190 2155 1725 2806">
    <p class='ocr_par' dir='ltr' id='par_1_5' title="bbox 190 2155 1725 2806">
     <span class='ocr_line' id='line_1_13' title="bbox 190 2155 1725 2275; baseline 0.003 -44"><span class='ocrx_word' id='word_1_100' title='bbox 190 2177 266 2252; x_wconf 87' lang='lat'><strong>510</strong></span> <span class='ocrx_word' id='word_1_101' title='bbox 275 2179 396 2264; x_wconf 82' lang='lat' dir='ltr'><strong>gran.</strong></span> <span class='ocrx_word' id='word_1_102' title='bbox 429 2181 488 2256; x_wconf 90' lang='lat'><strong>5,1</strong></span> <span class='ocrx_word' id='word_1_103' title='bbox 517 2157 595 2268; x_wconf 81' lang='lat' dir='ltr'><strong>dig.</strong></span> <span class='ocrx_word' id='word_1_104' title='bbox 681 2155 738 2239; x_wconf 83' lang='lat'><strong>8‘&#39;</strong></span> <span class='ocrx_word' id='word_1_105' title='bbox 770 2157 867 2240; x_wconf 69' lang='lat' dir='ltr'><strong>ram</strong></span> <span class='ocrx_word' id='word_1_106' title='bbox 979 2171 1058 2245; x_wconf 86' lang='lat'><strong>226</strong></span> <span class='ocrx_word' id='word_1_107' title='bbox 1065 2163 1172 2275; x_wconf 75' lang='lat' dir='ltr'><strong>ped.¹</strong></span> <span class='ocrx_word' id='word_1_108' title='bbox 1204 2157 1346 2270; x_wconf 77' lang='lat' dir='ltr'><strong>11&#39;d5&#39;g.</strong></span> <span class='ocrx_word' id='word_1_109' title='bbox 1421 2156 1557 2265; x_wconf 53' lang='grc' dir='ltr'><strong>ὀρθά(</strong></span> <span class='ocrx_word' id='word_1_110' title='bbox 1581 2183 1624 2238; x_wconf 91' lang='lat'><strong>11</strong></span> <span class='ocrx_word' id='word_1_111' title='bbox 1647 2156 1725 2268; x_wconf 85' lang='lat' dir='ltr'><strong>dig.</strong></span> 
     </span>
     <span class='ocr_line' id='line_1_14' title="bbox 190 2263 1625 2374; baseline 0.003 -34"><span class='ocrx_word' id='word_1_112' title='bbox 190 2263 266 2364; x_wconf 83' lang='lat'><strong>642</strong></span> <span class='ocrx_word' id='word_1_113' title='bbox 429 2290 490 2364; x_wconf 89' lang='lat'><strong>5,2</strong></span> <span class='ocrx_word' id='word_1_114' title='bbox 680 2294 704 2366; x_wconf 89' lang='lat'><em>7</em></span> <span class='ocrx_word' id='word_1_115' title='bbox 769 2294 821 2370; x_wconf 85' lang='lat'><strong>42</strong></span> <span class='ocrx_word' id='word_1_116' title='bbox 980 2297 1060 2368; x_wconf 85' lang='lat'><strong>230</strong></span> <span class='ocrx_word' id='word_1_117' title='bbox 1156 2349 1160 2358; x_wconf 89' lang='grc'>,</span> <span class='ocrx_word' id='word_1_118' title='bbox 1224 2298 1249 2374; x_wconf 89' lang='lat'>9</span> <span class='ocrx_word' id='word_1_119' title='bbox 1302 2309 1304 2316; x_wconf 34' lang='grc' dir='ltr'><em>ν</em></span> <span class='ocrx_word' id='word_1_120' title='bbox 1394 2290 1443 2344; x_wconf 89' lang='lat'><strong>10</strong></span> <span class='ocrx_word' id='word_1_121' title='bbox 1587 2295 1625 2372; x_wconf 90' lang='lat'><strong>·9</strong></span> 
     </span>
     <span class='ocr_line' id='line_1_15' title="bbox 193 2396 1647 2485; baseline 0.001 -13"><span class='ocrx_word' id='word_1_122' title='bbox 193 2396 267 2475; x_wconf 90' lang='lat'><strong>599</strong></span> <span class='ocrx_word' id='word_1_123' title='bbox 428 2397 487 2473; x_wconf 87' lang='lat'><strong>5,1</strong></span> <span class='ocrx_word' id='word_1_124' title='bbox 682 2402 712 2477; x_wconf 86' lang='lat'><strong>7¹</strong></span> <span class='ocrx_word' id='word_1_125' title='bbox 770 2404 821 2485; x_wconf 69' lang='lat'><strong>42</strong></span> <span class='ocrx_word' id='word_1_126' title='bbox 981 2406 1059 2480; x_wconf 82' lang='lat'><strong>227</strong></span> <span class='ocrx_word' id='word_1_127' title='bbox 1100 2461 1102 2466; x_wconf 84' lang='lat'><em>.</em></span> <span class='ocrx_word' id='word_1_128' title='bbox 1147 2423 1148 2426; x_wconf 60' lang='lat'>‘</span> <span class='ocrx_word' id='word_1_129' title='bbox 1203 2403 1252 2459; x_wconf 90' lang='lat'><strong>10</strong></span> <span class='ocrx_word' id='word_1_130' title='bbox 1291 2425 1293 2430; x_wconf 65' lang='grc'>’</span> <span class='ocrx_word' id='word_1_131' title='bbox 1419 2401 1443 2473; x_wconf 91' lang='grc'><strong><em>7</em></strong></span> <span class='ocrx_word' id='word_1_132' title='bbox 1574 2400 1647 2456; x_wconf 89' lang='lat'><strong>10·</strong></span> 
     </span>
     <span class='ocr_line' id='line_1_16' title="bbox 194 2497 1652 2592; baseline 0.003 -11"><span class='ocrx_word' id='word_1_133' title='bbox 194 2505 269 2582; x_wconf 90' lang='lat'><strong>5¹5</strong></span> <span class='ocrx_word' id='word_1_134' title='bbox 427 2508 449 2582; x_wconf 88' lang='lat'><em>5</em></span> <span class='ocrx_word' id='word_1_135' title='bbox 680 2511 704 2576; x_wconf 93' lang='grc'><em>7</em></span> <span class='ocrx_word' id='word_1_136' title='bbox 771 2497 822 2586; x_wconf 67' lang='lat'><strong>57</strong></span> <span class='ocrx_word' id='word_1_137' title='bbox 982 2516 1063 2592; x_wconf 84' lang='lat'><strong>224</strong></span> <span class='ocrx_word' id='word_1_138' title='bbox 1229 2512 1254 2592; x_wconf 91' lang='lat'>5</span> <span class='ocrx_word' id='word_1_139' title='bbox 1416 2515 1443 2586; x_wconf 88' lang='lat'>4</span> <span class='ocrx_word' id='word_1_140' title='bbox 1603 2510 1652 2586; x_wconf 74' lang='lat'><strong>5,</strong></span> 
     </span>
     <span class='ocr_line' id='line_1_17' title="bbox 192 2585 1627 2706; baseline 0.001 -14"><span class='ocrx_word' id='word_1_141' title='bbox 192 2585 266 2692; x_wconf 82' lang='lat'><strong>485</strong></span> <span class='ocrx_word' id='word_1_142' title='bbox 326 2699 328 2706; x_wconf 60' lang='grc'>,</span> <span class='ocrx_word' id='word_1_143' title='bbox 427 2617 448 2690; x_wconf 97' lang='lat'><em>5</em></span> <span class='ocrx_word' id='word_1_144' title='bbox 680 2591 702 2674; x_wconf 81' lang='lat' dir='ltr'><strong>t</strong></span> <span class='ocrx_word' id='word_1_145' title='bbox 772 2617 819 2672; x_wconf 86' lang='lat'><strong>12</strong></span> <span class='ocrx_word' id='word_1_146' title='bbox 982 2623 1060 2700; x_wconf 87' lang='lat'><strong>225</strong></span> <span class='ocrx_word' id='word_1_147' title='bbox 1226 2623 1249 2700; x_wconf 90' lang='lat'><em>5</em></span> <span class='ocrx_word' id='word_1_148' title='bbox 1419 2620 1442 2695; x_wconf 86' lang='lat'><em>5</em></span> <span class='ocrx_word' id='word_1_149' title='bbox 1604 2620 1627 2694; x_wconf 89' lang='lat'><em>5</em></span> 
     </span>
     <span class='ocr_line' id='line_1_18' title="bbox 194 2702 1623 2806; baseline 0.003 -30"><span class='ocrx_word' id='word_1_150' title='bbox 194 2702 270 2801; x_wconf 57' lang='lat'><strong>641*</strong></span> <span class='ocrx_word' id='word_1_151' title='bbox 426 2727 487 2802; x_wconf 87' lang='lat'><strong>5,2</strong></span> <span class='ocrx_word' id='word_1_152' title='bbox 680 2728 703 2802; x_wconf 95' lang='lat'>7</span> <span class='ocrx_word' id='word_1_153' title='bbox 767 2731 818 2806; x_wconf 84' lang='lat'><strong>42</strong></span> <span class='ocrx_word' id='word_1_154' title='bbox 981 2733 1063 2801; x_wconf 84' lang='lat'><strong>230</strong></span> <span class='ocrx_word' id='word_1_155' title='bbox 1232 2731 1255 2806; x_wconf 95' lang='lat'><em>7</em></span> <span class='ocrx_word' id='word_1_156' title='bbox 1393 2726 1442 2781; x_wconf 87' lang='lat' dir='ltr'><strong>to</strong></span> <span class='ocrx_word' id='word_1_157' title='bbox 1600 2727 1623 2799; x_wconf 93' lang='lat'>7</span> 
     </span>
    </p>
   </div>
   <div class='ocr_carea' id='block_1_5' title="bbox 1454 1806 1658 1911">
    <p class='ocr_par' dir='ltr' id='par_1_6' title="bbox 1454 1806 1658 1911">
     <span class='ocr_line' id='line_1_19' title="bbox 1454 1806 1658 1911; baseline 0 -21"><span class='ocrx_word' id='word_1_158' title='bbox 1454 1806 1658 1911; x_wconf 76' lang='lat' dir='ltr'><strong>Ex&#39;ceffus.</strong></span> 
     </span>
    </p>
   </div>
   <div class='ocr_carea' id='block_1_6' title="bbox 174 2942 1778 4920">
    <p class='ocr_par' dir='ltr' id='par_1_7' title="bbox 174 2942 1778 4920">
     <span class='ocr_line' id='line_1_20' title="bbox 207 2942 1743 3061; baseline -0.001 -29"><span class='ocrx_word' id='word_1_159' title='bbox 207 2943 387 3058; x_wconf 67' lang='lat' dir='ltr'><strong>‚Expen</strong></span> <span class='ocrx_word' id='word_1_160' title='bbox 410 2973 470 3054; x_wconf 82' lang='lat'><strong>14.</strong></span> <span class='ocrx_word' id='word_1_161' title='bbox 498 2947 625 3033; x_wconf 88' lang='lat' dir='ltr'><strong>Anno</strong></span> <span class='ocrx_word' id='word_1_162' title='bbox 649 2976 760 3056; x_wconf 88' lang='lat'>1719.</span> <span class='ocrx_word' id='word_1_163' title='bbox 778 2950 1049 3059; x_wconf 89' lang='lat' dir='ltr'><strong>menseJulio,</strong></span> <span class='ocrx_word' id='word_1_164' title='bbox 1068 2949 1120 3037; x_wconf 94' lang='lat' dir='ltr'><strong>D.</strong></span> <span class='ocrx_word' id='word_1_165' title='bbox 1139 2949 1395 3061; x_wconf 85' lang='lat' dir='ltr'><strong>Desaguliers</strong></span> <span class='ocrx_word' id='word_1_166' title='bbox 1416 2942 1648 3056; x_wconf 76' lang='lat' dir='ltr'><strong>hujusmodi</strong></span> <span class='ocrx_word' id='word_1_167' title='bbox 1673 2969 1743 3030; x_wconf 86' lang='lat' dir='ltr'><strong>ex·</strong></span> 
     </span>
     <span class='ocr_line' id='line_1_21' title="bbox 174 3067 1743 3185; baseline -0.003 -31"><span class='ocrx_word' id='word_1_168' title='bbox 174 3069 401 3182; x_wconf 81' lang='lat' dir='ltr'><strong>perimenta</strong></span> <span class='ocrx_word' id='word_1_169' title='bbox 417 3071 568 3157; x_wconf 90' lang='lat' dir='ltr'><strong>iterum</strong></span> <span class='ocrx_word' id='word_1_170' title='bbox 597 3081 721 3185; x_wconf 90' lang='lat' dir='ltr'><strong>cepit,</strong></span> <span class='ocrx_word' id='word_1_171' title='bbox 739 3071 959 3159; x_wconf 86' lang='lat' dir='ltr'><strong>formando</strong></span> <span class='ocrx_word' id='word_1_172' title='bbox 977 3072 1124 3162; x_wconf 64' lang='grc' dir='ltr'><strong>νείκεε</strong></span> <span class='ocrx_word' id='word_1_173' title='bbox 1143 3096 1367 3184; x_wconf 90' lang='lat' dir='ltr'><strong>porcorum</strong></span> <span class='ocrx_word' id='word_1_174' title='bbox 1394 3067 1437 3152; x_wconf 88' lang='lat' dir='ltr'><strong>in</strong></span> <span class='ocrx_word' id='word_1_175' title='bbox 1456 3067 1602 3151; x_wconf 86' lang='lat' dir='ltr'><strong>orbem</strong></span> <span class='ocrx_word' id='word_1_176' title='bbox 1616 3067 1743 3177; x_wconf 87' lang='lat' dir='ltr'><strong>sphae·</strong></span> 
     </span>
     <span class='ocr_line' id='line_1_22' title="bbox 174 3189 1743 3310; baseline -0.002 -30"><span class='ocrx_word' id='word_1_177' title='bbox 174 3197 305 3282; x_wconf 90' lang='lat' dir='ltr'><strong>ricum</strong></span> <span class='ocrx_word' id='word_1_178' title='bbox 323 3213 406 3308; x_wconf 89' lang='lat' dir='ltr'><strong>&#39;ope</strong></span> <span class='ocrx_word' id='word_1_179' title='bbox 434 3195 600 3310; x_wconf 87' lang='lat' dir='ltr'><strong>sphaerae</strong></span> <span class='ocrx_word' id='word_1_180' title='bbox 627 3199 772 3306; x_wconf 87' lang='lat' dir='ltr'><strong>ligneae</strong></span> <span class='ocrx_word' id='word_1_181' title='bbox 794 3224 1002 3298; x_wconf 85' lang='lat' dir='ltr'><strong>concavae‚</strong></span> <span class='ocrx_word' id='word_1_182' title='bbox 1030 3198 1245 3284; x_wconf 86' lang='lat' dir='ltr'><strong>ambientis</strong></span> <span class='ocrx_word' id='word_1_183' title='bbox 1266 3221 1388 3308; x_wconf 84' lang='lat' dir='ltr'><strong>quam</strong></span> <span class='ocrx_word' id='word_1_184' title='bbox 1411 3189 1646 3276; x_wconf 69' lang='lat' dir='ltr'><strong>madefaiiae</strong></span> <span class='ocrx_word' id='word_1_185' title='bbox 1668 3193 1743 3277; x_wconf 91' lang='lat' dir='ltr'><strong>im·</strong></span> 
     </span>
     <span class='ocr_line' id='line_1_23' title="bbox 175 3313 1778 3430; baseline 0.001 -29"><span class='ocrx_word' id='word_1_186' title='bbox 175 3320 289 3430; x_wconf 88' lang='lat' dir='ltr'><strong>plere</strong></span> <span class='ocrx_word' id='word_1_187' title='bbox 311 3321 565 3430; x_wconf 86' lang='lat' dir='ltr'><strong>cogebantur</strong></span> <span class='ocrx_word' id='word_1_188' title='bbox 584 3318 770 3403; x_wconf 86' lang='lat' dir='ltr'><strong>inflando</strong></span> <span class='ocrx_word' id='word_1_189' title='bbox 788 3345 950 3414; x_wconf 63' lang='lat' dir='ltr'><strong>aemma</strong></span> <span class='ocrx_word' id='word_1_190' title='bbox 973 3321 1016 3405; x_wconf 74' lang='grc' dir='ltr'>ἃ</span> <span class='ocrx_word' id='word_1_191' title='bbox 1037 3321 1154 3404; x_wconf 79' lang='lat' dir='ltr'><strong>hasce</strong></span> <span class='ocrx_word' id='word_1_192' title='bbox 1175 3317 1363 3403; x_wconf 68' lang='lat' dir='ltr'><strong>arefaelas</strong></span> <span class='ocrx_word' id='word_1_193' title='bbox 1383 3313 1426 3398; x_wconf 75' lang='grc' dir='ltr'><strong>δι</strong></span> <span class='ocrx_word' id='word_1_194' title='bbox 1444 3331 1653 3425; x_wconf 85' lang='lat' dir='ltr'><strong>exemptas</strong></span> <span class='ocrx_word' id='word_1_195' title='bbox 1666 3313 1743 3398; x_wconf 86' lang='lat' dir='ltr'><strong>de·</strong></span> <span class='ocrx_word' id='word_1_196' title='bbox 1777 3398 1778 3402; x_wconf 13' lang='lat' dir='ltr'><strong>t</strong></span> 
     </span>
     <span class='ocr_line' id='line_1_24' title="bbox 177 3438 1746 3555; baseline -0.003 -27"><span class='ocrx_word' id='word_1_197' title='bbox 177 3443 385 3530; x_wconf 90' lang='lat' dir='ltr'><strong>mittendo</strong></span> <span class='ocrx_word' id='word_1_198' title='bbox 400 3444 450 3528; x_wconf 94' lang='lat' dir='ltr'><strong>ab</strong></span> <span class='ocrx_word' id='word_1_199' title='bbox 475 3444 620 3528; x_wconf 89' lang='lat' dir='ltr'><strong>altiore</strong></span> <span class='ocrx_word' id='word_1_200' title='bbox 639 3445 736 3529; x_wconf 93' lang='lat' dir='ltr'><strong>loco</strong></span> <span class='ocrx_word' id='word_1_201' title='bbox 761 3445 804 3529; x_wconf 93' lang='lat' dir='ltr'><strong>in</strong></span> <span class='ocrx_word' id='word_1_202' title='bbox 831 3446 973 3555; x_wconf 91' lang='lat' dir='ltr'><strong>templi</strong></span> <span class='ocrx_word' id='word_1_203' title='bbox 1000 3443 1179 3555; x_wconf 84' lang='lat' dir='ltr'><strong>ejusdem</strong></span> <span class='ocrx_word' id='word_1_204' title='bbox 1209 3443 1311 3528; x_wconf 88' lang='lat' dir='ltr'><strong>turri</strong></span> <span class='ocrx_word' id='word_1_205' title='bbox 1338 3438 1515 3526; x_wconf 89' lang='lat' dir='ltr'><strong>rotunda</strong></span> <span class='ocrx_word' id='word_1_206' title='bbox 1534 3438 1746 3541; x_wconf 86' lang='lat' dir='ltr'><strong>fornicata,</strong></span> 
     </span>
     <span class='ocr_line' id='line_1_25' title="bbox 175 3562 1744 3682; baseline -0.003 -32"><span class='ocrx_word' id='word_1_207' title='bbox 175 3588 326 3677; x_wconf 87' lang='lat' dir='ltr'><strong>nempe</strong></span> <span class='ocrx_word' id='word_1_208' title='bbox 361 3565 412 3650; x_wconf 95' lang='lat' dir='ltr'><strong>ab</strong></span> <span class='ocrx_word' id='word_1_209' title='bbox 442 3562 659 3682; x_wconf 85' lang='lat' dir='ltr'><strong>altitudine</strong></span> <span class='ocrx_word' id='word_1_210' title='bbox 696 3564 851 3678; x_wconf 91' lang='lat' dir='ltr'><strong>pedum</strong></span> <span class='ocrx_word' id='word_1_211' title='bbox 892 3595 1000 3670; x_wconf 71' lang='lat'>2723</span> <span class='ocrx_word' id='word_1_212' title='bbox 1037 3563 1080 3648; x_wconf 72' lang='grc' dir='ltr'><strong>δι</strong></span> <span class='ocrx_word' id='word_1_213' title='bbox 1116 3564 1265 3650; x_wconf 87' lang='lat' dir='ltr'><strong>eodem</strong></span> <span class='ocrx_word' id='word_1_214' title='bbox 1300 3563 1496 3672; x_wconf 87' lang='lat' dir='ltr'><strong>temporis</strong></span> <span class='ocrx_word' id='word_1_215' title='bbox 1529 3571 1744 3646; x_wconf 88' lang='lat' dir='ltr'><strong>momento</strong></span> 
     </span>
     <span class='ocr_line' id='line_1_26' title="bbox 174 3677 1746 3800; baseline -0.002 -27"><span class='ocrx_word' id='word_1_216' title='bbox 174 3677 437 3774; x_wconf 85' lang='lat' dir='ltr'><strong>demittendo</strong></span> <span class='ocrx_word' id='word_1_217' title='bbox 456 3688 579 3774; x_wconf 88' lang='lat' dir='ltr'><strong>etiam</strong></span> <span class='ocrx_word' id='word_1_218' title='bbox 598 3687 768 3799; x_wconf 84' lang='lat' dir='ltr'><strong>globum</strong></span> <span class='ocrx_word' id='word_1_219' title='bbox 802 3689 1039 3800; x_wconf 89' lang='lat' dir='ltr'><strong>plumbeum</strong></span> <span class='ocrx_word' id='word_1_220' title='bbox 1064 3687 1177 3800; x_wconf 88' lang='lat' dir='ltr'><strong>cujus</strong></span> <span class='ocrx_word' id='word_1_221' title='bbox 1209 3687 1371 3800; x_wconf 87' lang='lat' dir='ltr'><strong>pondus</strong></span> <span class='ocrx_word' id='word_1_222' title='bbox 1391 3705 1476 3769; x_wconf 90' lang='lat' dir='ltr'><strong>erar</strong></span> <span class='ocrx_word' id='word_1_223' title='bbox 1508 3683 1680 3769; x_wconf 86' lang='lat' dir='ltr'><strong>duarum</strong></span> <span class='ocrx_word' id='word_1_224' title='bbox 1701 3689 1746 3770; x_wconf 88' lang='lat' dir='ltr'><strong>li·</strong></span> 
     </span>
     <span class='ocr_line' id='line_1_27' title="bbox 177 3805 1745 3924; baseline -0.001 -28"><span class='ocrx_word' id='word_1_225' title='bbox 177 3813 339 3896; x_wconf 87' lang='lat' dir='ltr'><strong>brarum</strong></span> <span class='ocrx_word' id='word_1_226' title='bbox 362 3809 645 3897; x_wconf 80' lang='lat' dir='ltr'><strong>Romanarum</strong></span> <span class='ocrx_word' id='word_1_227' title='bbox 672 3809 849 3896; x_wconf 85' lang='lat' dir='ltr'><strong>ciroiter.</strong></span> <span class='ocrx_word' id='word_1_228' title='bbox 888 3807 961 3922; x_wconf 23' lang='lat' dir='ltr'><strong>&#39;Et</strong></span> <span class='ocrx_word' id='word_1_229' title='bbox 991 3811 1146 3897; x_wconf 88' lang='lat' dir='ltr'><strong>interea</strong></span> <span class='ocrx_word' id='word_1_230' title='bbox 1176 3809 1298 3924; x_wconf 91' lang='lat' dir='ltr'><strong>aliqui</strong></span> <span class='ocrx_word' id='word_1_231' title='bbox 1317 3808 1462 3892; x_wconf 88' lang='lat' dir='ltr'><strong>stantes</strong></span> <span class='ocrx_word' id='word_1_232' title='bbox 1491 3807 1534 3893; x_wconf 89' lang='lat' dir='ltr'><strong>in</strong></span> <span class='ocrx_word' id='word_1_233' title='bbox 1560 3805 1745 3920; x_wconf 86' lang='lat' dir='ltr'><strong>suprema</strong></span> 
     </span>
     <span class='ocr_line' id='line_1_28' title="bbox 176 3931 1744 4050; baseline -0.001 -31"><span class='ocrx_word' id='word_1_234' title='bbox 176 3943 292 4050; x_wconf 83' lang='lat' dir='ltr'><strong>parte</strong></span> <span class='ocrx_word' id='word_1_235' title='bbox 311 3936 469 4046; x_wconf 87' lang='lat' dir='ltr'><strong>templi,</strong></span> <span class='ocrx_word' id='word_1_236' title='bbox 491 3931 563 4019; x_wconf 92' lang='lat' dir='ltr'><strong>ubi</strong></span> <span class='ocrx_word' id='word_1_237' title='bbox 578 3934 691 4042; x_wconf 83' lang='lat' dir='ltr'><strong>globi</strong></span> <span class='ocrx_word' id='word_1_238' title='bbox 708 3933 1047 4034; x_wconf 88' lang='lat' dir='ltr'><strong>demittebantur,</strong></span> <span class='ocrx_word' id='word_1_239' title='bbox 1067 3935 1264 4020; x_wconf 90' lang='lat' dir='ltr'><strong>notabant</strong></span> <span class='ocrx_word' id='word_1_240' title='bbox 1285 3954 1472 4044; x_wconf 87' lang='lat' dir='ltr'><strong>tempora</strong></span> <span class='ocrx_word' id='word_1_241' title='bbox 1492 3954 1578 4016; x_wconf 88' lang='lat' dir='ltr'><strong>tota</strong></span> <span class='ocrx_word' id='word_1_242' title='bbox 1596 3932 1744 4018; x_wconf 88' lang='lat' dir='ltr'><strong>caden-</strong></span> 
     </span>
     <span class='ocr_line' id='line_1_29' title="bbox 176 4055 1747 4168; baseline -0.003 -24"><span class='ocrx_word' id='word_1_243' title='bbox 176 4057 235 4157; x_wconf 92' lang='lat' dir='ltr'><strong>di,</strong></span> <span class='ocrx_word' id='word_1_244' title='bbox 264 4055 308 4142; x_wconf 77' lang='grc' dir='ltr'><strong>δι</strong></span> <span class='ocrx_word' id='word_1_245' title='bbox 328 4060 393 4143; x_wconf 90' lang='lat' dir='ltr'><strong>alii</strong></span> <span class='ocrx_word' id='word_1_246' title='bbox 410 4057 554 4143; x_wconf 85' lang='lat' dir='ltr'><strong>stantes</strong></span> <span class='ocrx_word' id='word_1_247' title='bbox 571 4060 613 4142; x_wconf 91' lang='lat' dir='ltr'><strong>in</strong></span> <span class='ocrx_word' id='word_1_248' title='bbox 641 4079 748 4142; x_wconf 86' lang='lat' dir='ltr'><strong>terra</strong></span> <span class='ocrx_word' id='word_1_249' title='bbox 766 4059 961 4142; x_wconf 85' lang='lat' dir='ltr'><strong>notabant</strong></span> <span class='ocrx_word' id='word_1_250' title='bbox 985 4055 1258 4146; x_wconf 87' lang='lat' dir='ltr'><strong>differentiam</strong></span> <span class='ocrx_word' id='word_1_251' title='bbox 1284 4077 1517 4168; x_wconf 90' lang='lat' dir='ltr'><strong>temporum</strong></span> <span class='ocrx_word' id='word_1_252' title='bbox 1544 4055 1651 4140; x_wconf 91' lang='lat' dir='ltr'><strong>inter</strong></span> <span class='ocrx_word' id='word_1_253' title='bbox 1682 4081 1747 4140; x_wconf 87' lang='lat' dir='ltr'><strong>ca·</strong></span> 
     </span>
     <span class='ocr_line' id='line_1_30' title="bbox 174 4176 1748 4296; baseline -0.006 -24"><span class='ocrx_word' id='word_1_254' title='bbox 174 4185 263 4273; x_wconf 89' lang='lat' dir='ltr'><strong>sum</strong></span> <span class='ocrx_word' id='word_1_255' title='bbox 286 4181 401 4296; x_wconf 89' lang='lat' dir='ltr'><strong>globi</strong></span> <span class='ocrx_word' id='word_1_256' title='bbox 419 4180 602 4296; x_wconf 88' lang='lat' dir='ltr'><strong>plumbei</strong></span> <span class='ocrx_word' id='word_1_257' title='bbox 626 4180 671 4264; x_wconf 89' lang='lat'><strong>·&amp;</strong></span> <span class='ocrx_word' id='word_1_258' title='bbox 693 4180 828 4266; x_wconf 91' lang='lat' dir='ltr'><strong>casum</strong></span> <span class='ocrx_word' id='word_1_259' title='bbox 862 4183 1015 4268; x_wconf 85' lang='lat' dir='ltr'><strong>veficae.</strong></span> <span class='ocrx_word' id='word_1_260' title='bbox 1069 4181 1283 4294; x_wconf 86' lang='lat' dir='ltr'><strong>Tempora</strong></span> <span class='ocrx_word' id='word_1_261' title='bbox 1305 4201 1441 4266; x_wconf 89' lang='lat' dir='ltr'><strong>autem</strong></span> <span class='ocrx_word' id='word_1_262' title='bbox 1465 4176 1748 4266; x_wconf 89' lang='lat' dir='ltr'><strong>mensuraban-</strong></span> 
     </span>
     <span class='ocr_line' id='line_1_31' title="bbox 174 4301 1747 4424; baseline -0.006 -26"><span class='ocrx_word' id='word_1_263' title='bbox 174 4331 243 4398; x_wconf 89' lang='lat' dir='ltr'><strong>tur</strong></span> <span class='ocrx_word' id='word_1_264' title='bbox 261 4309 448 4424; x_wconf 87' lang='lat' dir='ltr'><strong>peodulis</strong></span> <span class='ocrx_word' id='word_1_265' title='bbox 466 4309 516 4392; x_wconf 89' lang='lat' dir='ltr'><strong>ad</strong></span> <span class='ocrx_word' id='word_1_266' title='bbox 538 4305 708 4392; x_wconf 86' lang='lat' dir='ltr'><strong>dimidia</strong></span> <span class='ocrx_word' id='word_1_267' title='bbox 727 4305 881 4391; x_wconf 87' lang='lat' dir='ltr'><strong>minuta</strong></span> <span class='ocrx_word' id='word_1_268' title='bbox 900 4307 1077 4394; x_wconf 85' lang='lat' dir='ltr'><strong>secunda</strong></span> <span class='ocrx_word' id='word_1_269' title='bbox 1094 4305 1377 4392; x_wconf 86' lang='lat' dir='ltr'><strong>oscillantibus.</strong></span> <span class='ocrx_word' id='word_1_270' title='bbox 1435 4301 1490 4388; x_wconf 87' lang='lat' dir='ltr'><strong>Et</strong></span> <span class='ocrx_word' id='word_1_271' title='bbox 1510 4329 1653 4388; x_wconf 90' lang='lat' dir='ltr'><strong>eorum</strong></span> <span class='ocrx_word' id='word_1_272' title='bbox 1674 4301 1747 4416; x_wconf 91' lang='lat' dir='ltr'><strong>qui</strong></span> 
     </span>
     <span class='ocr_line' id='line_1_32' title="bbox 177 4425 1748 4543; baseline -0.006 -23"><span class='ocrx_word' id='word_1_273' title='bbox 177 4435 221 4520; x_wconf 87' lang='lat' dir='ltr'><strong>in</strong></span> <span class='ocrx_word' id='word_1_274' title='bbox 252 4455 360 4521; x_wconf 89' lang='lat' dir='ltr'><strong>terra</strong></span> <span class='ocrx_word' id='word_1_275' title='bbox 392 4431 547 4530; x_wconf 84' lang='lat' dir='ltr'><strong>stabant</strong></span> <span class='ocrx_word' id='word_1_276' title='bbox 572 4457 677 4518; x_wconf 82' lang='lat' dir='ltr'><strong>unus</strong></span> <span class='ocrx_word' id='word_1_277' title='bbox 708 4430 879 4516; x_wconf 85' lang='lat' dir='ltr'><strong>habebat</strong></span> <span class='ocrx_word' id='word_1_278' title='bbox 909 4433 1173 4543; x_wconf 90' lang='lat' dir='ltr'><strong>horologium</strong></span> <span class='ocrx_word' id='word_1_279' title='bbox 1205 4456 1300 4515; x_wconf 90' lang='lat' dir='ltr'><strong>cum</strong></span> <span class='ocrx_word' id='word_1_280' title='bbox 1332 4429 1483 4514; x_wconf 90' lang='lat' dir='ltr'><strong>elatere</strong></span> <span class='ocrx_word' id='word_1_281' title='bbox 1517 4425 1570 4511; x_wconf 89' lang='lat' dir='ltr'><strong>ad</strong></span> <span class='ocrx_word' id='word_1_282' title='bbox 1597 4426 1748 4536; x_wconf 77' lang='lat' dir='ltr'><strong>singula</strong></span> 
     </span>
     <span class='ocr_line' id='line_1_33' title="bbox 177 4551 1748 4672; baseline -0.007 -28"><span class='ocrx_word' id='word_1_283' title='bbox 177 4557 335 4645; x_wconf 88' lang='lat' dir='ltr'><strong>minuta</strong></span> <span class='ocrx_word' id='word_1_284' title='bbox 372 4557 548 4644; x_wconf 81' lang='lat' dir='ltr'><strong>secunda</strong></span> <span class='ocrx_word' id='word_1_285' title='bbox 583 4576 729 4672; x_wconf 90' lang='lat' dir='ltr'><strong>quater</strong></span> <span class='ocrx_word' id='word_1_286' title='bbox 766 4555 978 4653; x_wconf 83' lang='lat' dir='ltr'><strong>vibrante;</strong></span> <span class='ocrx_word' id='word_1_287' title='bbox 1020 4557 1118 4643; x_wconf 83' lang='lat' dir='ltr'><strong>alius</strong></span> <span class='ocrx_word' id='word_1_288' title='bbox 1153 4556 1323 4640; x_wconf 88' lang='lat' dir='ltr'><strong>habebat</strong></span> <span class='ocrx_word' id='word_1_289' title='bbox 1368 4551 1596 4638; x_wconf 83' lang='lat' dir='ltr'><strong>machinam</strong></span> <span class='ocrx_word' id='word_1_290' title='bbox 1630 4551 1748 4634; x_wconf 84' lang='lat' dir='ltr'><strong>aliam</strong></span> 
     </span>
     <span class='ocr_line' id='line_1_34' title="bbox 180 4670 1749 4792; baseline -0.008 -23"><span class='ocrx_word' id='word_1_291' title='bbox 180 4677 329 4769; x_wconf 84' lang='lat' dir='ltr'><strong>affabre</strong></span> <span class='ocrx_word' id='word_1_292' title='bbox 356 4677 624 4767; x_wconf 79' lang='lat' dir='ltr'><strong>conliruiiam</strong></span> <span class='ocrx_word' id='word_1_293' title='bbox 649 4707 746 4766; x_wconf 89' lang='lat' dir='ltr'><strong>cum</strong></span> <span class='ocrx_word' id='word_1_294' title='bbox 778 4680 961 4792; x_wconf 88' lang='lat' dir='ltr'><strong>pendulo</strong></span> <span class='ocrx_word' id='word_1_295' title='bbox 987 4683 1110 4767; x_wconf 88' lang='lat' dir='ltr'><strong>etiam</strong></span> <span class='ocrx_word' id='word_1_296' title='bbox 1139 4683 1186 4766; x_wconf 88' lang='lat' dir='ltr'><strong>ad</strong></span> <span class='ocrx_word' id='word_1_297' title='bbox 1216 4678 1368 4788; x_wconf 82' lang='lat' dir='ltr'><strong>fingula</strong></span> <span class='ocrx_word' id='word_1_298' title='bbox 1393 4676 1550 4760; x_wconf 85' lang='lat' dir='ltr'><strong>minuta</strong></span> <span class='ocrx_word' id='word_1_299' title='bbox 1571 4670 1749 4758; x_wconf 85' lang='lat' dir='ltr'><strong>secunda</strong></span> 
     </span>
     <span class='ocr_line' id='line_1_35' title="bbox 178 4795 1750 4920; baseline -0.006 -32"><span class='ocrx_word' id='word_1_300' title='bbox 178 4824 324 4920; x_wconf 88' lang='lat' dir='ltr'><strong>quater</strong></span> <span class='ocrx_word' id='word_1_301' title='bbox 352 4803 548 4889; x_wconf 88' lang='lat' dir='ltr'><strong>vibrante.</strong></span> <span class='ocrx_word' id='word_1_302' title='bbox 616 4799 670 4887; x_wconf 84' lang='lat' dir='ltr'><strong>Et</strong></span> <span class='ocrx_word' id='word_1_303' title='bbox 706 4801 876 4887; x_wconf 87' lang='lat' dir='ltr'><strong>fimilem</strong></span> <span class='ocrx_word' id='word_1_304' title='bbox 906 4803 1134 4888; x_wconf 84' lang='lat' dir='ltr'><strong>machinam</strong></span> <span class='ocrx_word' id='word_1_305' title='bbox 1160 4801 1333 4885; x_wconf 87' lang='lat' dir='ltr'><strong>babebat</strong></span> <span class='ocrx_word' id='word_1_306' title='bbox 1368 4823 1471 4882; x_wconf 92' lang='lat' dir='ltr'><strong>unus</strong></span> <span class='ocrx_word' id='word_1_307' title='bbox 1507 4819 1651 4878; x_wconf 88' lang='lat' dir='ltr'><strong>eorum</strong></span> <span class='ocrx_word' id='word_1_308' title='bbox 1677 4795 1750 4905; x_wconf 91' lang='lat' dir='ltr'><strong>qui</strong></span> 
     </span>
    </p>
   </div>
   <div class='ocr_carea' id='block_1_7' title="bbox 178 4915 1752 5133">
    <p class='ocr_par' dir='ltr' id='par_1_8' title="bbox 178 4915 1752 5133">
     <span class='ocr_line' id='line_1_36' title="bbox 178 4915 1752 5131; baseline -0.012 -113"><span class='ocrx_word' id='word_1_309' title='bbox 178 4927 328 5018; x_wconf 88' lang='lat' dir='ltr'><strong>llabant</strong></span> <span class='ocrx_word' id='word_1_310' title='bbox 348 4927 392 5015; x_wconf 93' lang='lat' dir='ltr'><strong>in</strong></span> <span class='ocrx_word' id='word_1_311' title='bbox 420 4925 652 5016; x_wconf 87' lang='lat' dir='ltr'><strong>summitate</strong></span> <span class='ocrx_word' id='word_1_312' title='bbox 671 4925 824 5038; x_wconf 89' lang='lat' dir='ltr'><strong>templi.</strong></span> <span class='ocrx_word' id='word_1_313' title='bbox 883 4921 938 5009; x_wconf 89' lang='lat' dir='ltr'><strong>Et</strong></span> <span class='ocrx_word' id='word_1_314' title='bbox 957 4929 1056 5131; x_wconf 52' lang='lat' dir='ltr'><strong>{aa</strong></span> <span class='ocrx_word' id='word_1_315' title='bbox 1077 4925 1343 5012; x_wconf 88' lang='lat' dir='ltr'><strong>inllrumenta</strong></span> <span class='ocrx_word' id='word_1_316' title='bbox 1361 4923 1429 5030; x_wconf 46' lang='lat' dir='ltr'><strong>,ita</strong></span> <span class='ocrx_word' id='word_1_317' title='bbox 1458 4915 1752 5022; x_wconf 83' lang='lat' dir='ltr'><strong>formabantur,</strong></span> 
     </span>
     <span class='ocr_line' id='line_1_37' title="bbox 1021 5061 1752 5133; baseline -0.01 0"><span class='ocrx_word' id='word_1_318' title='bbox 1021 5073 1048 5133; x_wconf 81' lang='lat' dir='ltr'>z</span> <span class='ocrx_word' id='word_1_319' title='bbox 1705 5061 1752 5128; x_wconf 88' lang='lat' dir='ltr'><strong>ut</strong></span> 
     </span>
    </p>
   </div>
   <div class='ocr_carea' id='block_1_8' title="bbox 0 0 2182 5648">
    <p class='ocr_par' dir='ltr' id='par_1_9' title="bbox 0 0 2182 5648">
     <span class='ocr_line' id='line_1_38' title="bbox 0 0 2182 5648; baseline 0 0"><span class='ocrx_word' id='word_1_320' title='bbox 0 0 2182 5648; x_wconf 95' lang='lat' dir='ltr'><strong> </strong></span> 
     </span>
    </p>
   </div>
  </div>
 </body>
</html>
