4344 5648
392 191 483 316 298
653 191 1186 292 PHiLOSOPHIAE
1232 186 1713 334 NATURnbts

177 365 204 426 D
217 383 231 424 Ε
249 366 366 422 Moru

186 447 364 505 Coeuoaou

463 513 929 608 PROPOSITIO
972 515 1171 612 XXVII.
1248 511 1686 610 THEOREMA
1736 511 1897 606 xxu..

391 685 443 790 Si
465 693 708 828 corporibus
721 694 1033 836 sooneperrdolr's
1057 695 1265 838 rrfistiror
1288 696 1334 796 iro
1359 695 1586 832 duplicato
1611 691 1784 790 ratione
1805 690 1977 788 veloci·-

466 873 625 968 torooo,
651 843 907 974 dffrreotiae
931 845 1047 944 iotrr
1071 877 1269 982 temporo
1304 845 1613 970 oscillatiooum
1648 849 1695 941 in
1727 843 1867 940 medio
1890 881 1974 940 re·-

451 995 630 1132 stsserrte
655 1035 707 1094 oc
730 1027 928 1134 tempora
958 999 1264 1119 oscillationem
1289 1001 1335 1096 r'rt
1360 998 1545 1126 ejusdem
1563 995 1803 1130 gravitatis
1815 995 1961 1130 speri,-

456 1145 564 1276 ficae
589 1150 727 1246 oresio
746 1189 829 1248 oon
856 1148 1083 1281 rrsssserrte,
1114 1179 1242 1249 oront
1275 1150 1456 1248 arcubus
1491 1147 1717 1276 oscilsorrdo
1742 1146 1963 1284 descriptis

461 1301 808 1444 proportionales
833 1341 969 1440 qoam
988 1303 1205 1440 proxime.

451 1543 556 1626 Nam
586 1541 772 1654 pendulis
807 1545 1026 1650 aequalibus
1059 1549 1101 1631 in
1143 1549 1282 1633 medio
1312 1545 1515 1630 resiliente
1545 1535 1826 1629 describantur
1853 1568 1979 1626 arcus

397 1665 614 1779 inaequales
646 1671 700 1763 A,
730 1665 792 1759 B;
824 1665 866 1747 dt
895 1668 1111 1753 resistentia
1138 1671 1323 1782 corporis
1347 1671 1387 1754 in
1409 1693 1505 1752 arcu
1528 1669 1581 1762 A,
1611 1669 1687 1752 erit
1716 1666 1766 1749 ad
1791 1665 1977 1749 redden-.-

397 1797 495 1880 tiam
517 1793 701 1903 corporis
726 1793 766 1873 in
789 1808 902 1898 parte
929 1793 1275 1904 correspondente
1308 1818 1423 1876 arcus
1442 1789 1491 1888 B,
1517 1791 1559 1874 in
1581 1791 1785 1902 duplicata
1814 1790 1969 1873 tatione

398 1918 691 2014 velocitatum,
708 1917 751 2000 id
777 1915 847 2013 est,
874 1937 919 1998 ut
941 1918 1030 1999 ΛΑ
1057 1917 1116 2002 ad·
1139 1917 1231 2015 BB,
1267 1943 1389 2029 quam
1419 1916 1620 2027 proxime.
1687 1913 1730 1998 Si
1755 1911 1983 1998 resistentia·

398 2042 441 2124 in
466 2064 561 2124 arcu
589 2037 740 2124 Bosset
770 2037 821 2123 ad
849 2038 1109 2124 resistentiam
1145 2043 1187 2126 in
1224 2039 1321 2126 arcu
1355 2044 1399 2124 A·
1427 2059 1473 2123 ut
1502 2038 1597 2123 nss·
1624 2041 1674 2123 ad
1711 2041 1826 2134 AA;
1869 2059 1971 2122 tem-

398 2189 499 2276 pora
530 2163 572 2247 in
608 2161 784 2248 arcubus
809 2159 915 2248 A&
934 2159 968 2246 B
989 2161 1127 2248 sorent
1160 2165 1342 2277 aequalia,
1370 2188 1449 2273 per
1470 2160 1793 2273 propositionem
1823 2157 1973 2269 superi·

400 2313 527 2373 orem.
582 2282 765 2397 Ideoque
785 2285 1003 2370 resistentia
1022 2289 1104 2370 ΑΛ
1125 2295 1165 2373 in
1185 2313 1284 2372 areu
1308 2289 1363 2384 A,
1392 2287 1457 2370 vel
1476 2283 1552 2368 AB
1571 2285 1613 2370 in
1641 2309 1739 2368 arcu
1765 2281 1815 2380 B,
1843 2281 1988 2368 efficio

400 2407 605 2496 excessum
629 2409 827 2519 temporis
857 2411 899 2494 in
928 2437 1025 2494 arcu
1054 2413 1094 2494 A
1112 2411 1229 2522 supra
1252 2435 1413 2523 tempus
1438 2410 1480 2495 in
1507 2409 1647 2496 medio
1684 2434 1770 2494 non
1795 2407 1987 2494 resiten-

402 2554 443 2620 te
460 2574 471 2634 3
500 2534 543 2618 δι
561 2533 779 2618 resistentia
805 2531 877 2618 Bu
898 2532 1028 2619 efficit
1049 2534 1255 2624 excessum
1277 2539 1474 2648 temporis
1493 2537 1544 2620 in·
1561 2561 1660 2618 areu
1684 2531 1717 2618 Β
1737 2533 1851 2644 supra
1870 2552 1978 2618 tent·

402 2660 536 2773 pusio
566 2659 707 2744 medio
732 2683 817 2743 non
842 2657 1059 2746 restssente.
1114 2661 1216 2746 Sunt
1240 2679 1379 2744 autem
1410 2657 1591 2746 'excessus
1615 2659 1674 2742 illi
1692 2677 1735 2742 ut
1753 2659 1858 2742 vites
1879 2656 1990 2743 effis.

403 2785 558 2866 cientes
579 2779 713 2865 AB&
734 2779 806 2865 BB
832 2783 1172 2893 quamproxime,
1200 2783 1334 2881 idest,
1362 2804 1407 2867 ut
1423 2785 1599 2870 arcus-A
1614 2781 1657 2870 ἂι
1678 2780 1725 2865 Β.
1782 2779 1973 2898 Qum.

460 2905 585 2989 Coros.
603 2930 634 2986 1.
666 2901 785 2986 Hinc
811 2929 865 2987 ex
898 2903 1193 2992 oscillationum
1221 2909 1489 3016 temporibus,
1518 2907 1561 2990 in
1592 2905 1734 2988 medio
1760 2902 1996 3001 resistente,

405 3025 450 3150 in
480 3027 654 3110 arcubus
683 3025 948 3134 inaequalibus
976 3027 1185 3127 fabarum,
1222 3030 1417 3138 cognosci
1451 3027 1612 3140 possunt
1647 3049 1835 3138 tempora
1866 3027 1978 3112 oscil-

405 3150 602 3244 lationum
621 3150 662 3233 in
691 3146 869 3256 ejusdem
898 3155 1105 3260 gravitatis
1132 3154 1328 3268 specificae
1347 3155 1488 3240 medio
1516 3181 1599 3240 non
1623 3153 1842 3238 resistente.
1869 3152 1991 3238 Nam.

407 3271 639 3376 differentia
661 3295 897 3386 temporum
917 3281 995 3362 erit
1015 3279 1067 3362 ad
1093 3278 1297 3366 excessum
1329 3279 1525 3391 temporis
1557 3279 1599 3364 in
1620 3304 1717 3363 arcu
1739 3277 1902 3364 minore
1916 3275 1979 3360 su·

407 3393 479 3523 pra
500 3423 655 3514 tempus
675 3404 716 3488 in
737 3403 877 3498 medio
902 3405 1225 3508 nonresrsiente,
1252 3425 1298 3502 ut
1321 3404 1741 3500 differentiaarcuum
1759 3401 1813 3491 ad
1839 3427 1994 3490 arcumo

409 3554 624 3622 minorem.
677 3637 679 3642 Ι

467 3651 593 3737 Coros.
612 3679 648 3732 2.
677 3649 958 3736 Oscillbtiones
984 3655 1310 3740 brevioressunt
1342 3660 1469 3766 magis
1488 3655 1731 3756 isochronae,
1758 3655 1802 3739 δι
1831 3652 1994 3738 breuis·-

410 3771 518 3868 stmae
555 3771 698 3862 iisdem
730 3777 1263 3890 temporibusperaguntur
1298 3807 1344 3864 ac
1382 3782 1425 3866 in
1458 3782 1599 3866 medio
1638 3809 1722 3868 non
1761 3779 1998 3878 resistente„

411 3897 754 4014 quamproxime.
808 3895 961 3990 Earum
979 3928 1079 3986 vero
1098 3927 1190 4014 quae
1223 3903 1501 4011 inmajoribus
1524 3907 1697 3990 arcubus
1721 3905 1840 4002 fiunt,
1875 3921 1993 3988 tem.

411 4051 512 4134 pora
540 4021 626 4108 sunt
648 4022 768 4130 paulo
788 4022 957 4129 majora,
988 4047 1205 4136 propterea
1227 4025 1648 4138 quodreststensiain
1671 4025 1870 4112 descensu
1883 4051 1979 4108 cot.-

413 4151 522 4262 poris
544 4173 623 4259 qua
646 4165 805 4256 tempus
834 4150 1094 4257 producitur,
1125 4149 1253 4260 major
1284 4151 1329 4234 stt
1356 4177 1433 4262 pro
1459 4153 1623 4237 ratione
1644 4149 1913 4260 longitudinis
1938 4149 1999 4232 in.

414 4269 852 4383 descensudescriptae,
879 4301 1001 4394 quam
1017 4275 1232 4362 refistentia
1253 4279 1296 4364 io
1315 4277 1764 4392 ascensu—subsequente
1779 4303 1859 4390 qua
1879 4297 1996 4359 tem-1

416 4423 490 4508 pus
514 4397 781 4488 contrahitur.
838 4397 919 4485 Sed
947 4399 989 4484 ἃ
1017 4387 1505 4511 rempus'oscillationum
1530 4425 1613 4489 tam
1631 4403 1999 4514 breviumquam.

417 4520 629 4624 longarum
661 4519 842 4607 nonnihil
872 4523 1060 4630 produci..
1078 4525 1241 4612 videtur
1263 4550 1336 4636 per
1367 4549 1527 4613 motum
1558 4529 1701 4615 medii.
1757 4527 1864 4611 Nam
1889 4549 1994 4608 cot--

416 4643 589 4768 poribus
611 4642 931 4738 sordescentibus
966 4651 1254 4760 paulominus
1285 4653 1494 4756 renuitur,
1524 4681 1605 4767 pro
1635 4656 1794 4740 tatione
1832 4651 1984 4736 veloci·

419 4771 523 4867 ratis,
560 4768 603 4851 dr
630 4773 872 4880 corporibus
901 4774 1131 4859 acceleratis
1157 4779 1279 4886 paulo
1315 4783 1439 4890 magis
1468 4761 1591 4893 quam
1624 4781 1672 4865 iis
1706 4774 1999 4893 quae„unisor÷-·
2149 4797 2150 4812 ¹

420 4893 539 4984 miter
565 4894 929 5010 progrediuntur:
951 4897 1076 5018 idque
1104 4901 1427 5018 quiamedium,
1462 4929 1514 4988 eo
1541 4927 1666 5018 quern
1693 4930 1724 4989 a¹
1741 4899 1983 5012 corporibus

1218 5057 1221 5066 ·
1820 5041 1988 5135 accepte
