<?xml version="1.0" encoding="UTF-8"?>
<!DOCTYPE html PUBLIC "-//W3C//DTD XHTML 1.0 Transitional//EN"
    "http://www.w3.org/TR/xhtml1/DTD/xhtml1-transitional.dtd">
<html xmlns="http://www.w3.org/1999/xhtml" xml:lang="en" lang="en">
 <head>
  <title>
</title>
<meta http-equiv="Content-Type" content="text/html;charset=utf-8" />
  <meta name='ocr-system' content='tesseract 3.04.00' />
  <meta name='ocr-capabilities' content='ocr_page ocr_carea ocr_par ocr_line ocrx_word'/>
</head>
<body>
  <div class='ocr_page' id='page_1' title='image "./philosophinatur00cotegoog_0180.png"; bbox 0 0 4336 5656; ppageno 0'>
   <div class='ocr_carea' id='block_1_1' title="bbox 385 212 1712 329">
    <p class='ocr_par' dir='ltr' id='par_1_1' title="bbox 385 212 1712 329">
     <span class='ocr_line' id='line_1_1' title="bbox 385 212 1712 329; baseline -0.004 -11"><span class='ocrx_word' id='word_1_1' title='bbox 385 219 788 320; x_wconf 72' lang='lat' dir='ltr'><strong>PJRINCIPIA</strong></span> <span class='ocrx_word' id='word_1_2' title='bbox 835 212 1434 319; x_wconf 82' lang='lat' dir='ltr'><strong>MATHEMATICA.</strong></span> <span class='ocrx_word' id='word_1_3' title='bbox 1617 246 1712 329; x_wconf 83' lang='lat'>127</span> 
     </span>
    </p>
   </div>
   <div class='ocr_carea' id='block_1_2' title="bbox 7 388 1917 3400">
    <p class='ocr_par' dir='ltr' id='par_1_2' title="bbox 7 388 1917 1899">
     <span class='ocr_line' id='line_1_2' title="bbox 10 388 1906 541; baseline -0.003 -61"><span class='ocrx_word' id='word_1_4' title='bbox 10 473 13 480; x_wconf 87' lang='lat'><em>.</em></span> <span class='ocrx_word' id='word_1_5' title='bbox 101 392 219 505; x_wconf 82' lang='lat' dir='ltr'>guli</span> <span class='ocrx_word' id='word_1_6' title='bbox 254 395 460 486; x_wconf 82' lang='lat' dir='ltr'>AxKN</span> <span class='ocrx_word' id='word_1_7' title='bbox 489 396 559 484; x_wconf 88' lang='lat' dir='ltr'>seu</span> <span class='ocrx_word' id='word_1_8' title='bbox 586 395 792 508; x_wconf 69' lang='lat' dir='ltr'>triangulo</span> <span class='ocrx_word' id='word_1_9' title='bbox 829 393 975 492; x_wconf 74' lang='lat' dir='ltr'>ICKr</span> <span class='ocrx_word' id='word_1_10' title='bbox 1011 390 1056 481; x_wconf 74' lang='lat' dir='ltr'>dc</span> <span class='ocrx_word' id='word_1_11' title='bbox 1082 394 1362 504; x_wconf 70' lang='lat' dir='ltr'>reflangulum</span> <span class='ocrx_word' id='word_1_12' title='bbox 1388 390 1557 479; x_wconf 78' lang='lat' dir='ltr'>‘Dcxl</span> <span class='ocrx_word' id='word_1_13' title='bbox 1562 388 1614 475; x_wconf 93' lang='lat' dir='ltr'><em>N</em></span> <span class='ocrx_word' id='word_1_14' title='bbox 1643 389 1721 478; x_wconf 86' lang='lat' dir='ltr'>seu.</span> <span class='ocrx_word' id='word_1_15' title='bbox 1747 392 1906 541; x_wconf 37' lang='lat'>*1:2¹⁸</span> 
     </span>
     <span class='ocr_line' id='line_1_3' title="bbox 7 511 1917 648; baseline -0.002 -45"><span class='ocrx_word' id='word_1_16' title='bbox 7 589 12 648; x_wconf 71' lang='lat' dir='ltr'>t</span> <span class='ocrx_word' id='word_1_17' title='bbox 101 522 174 603; x_wconf 82' lang='lat' dir='ltr'><em>D</em></span> <span class='ocrx_word' id='word_1_18' title='bbox 193 547 223 603; x_wconf 89' lang='lat' dir='ltr'>c</span> <span class='ocrx_word' id='word_1_19' title='bbox 243 521 336 606; x_wconf 78' lang='lat' dir='ltr'>xli</span> <span class='ocrx_word' id='word_1_20' title='bbox 367 524 521 638; x_wconf 70' lang='lat' dir='ltr'>equale</span> <span class='ocrx_word' id='word_1_21' title='bbox 555 523 614 608; x_wconf 87' lang='lat' dir='ltr'>est</span> <span class='ocrx_word' id='word_1_22' title='bbox 648 521 824 608; x_wconf 90' lang='lat' dir='ltr'>dimidio</span> <span class='ocrx_word' id='word_1_23' title='bbox 864 519 1087 629; x_wconf 72' lang='lat' dir='ltr'>redimguli</span> <span class='ocrx_word' id='word_1_24' title='bbox 1122 521 1165 603; x_wconf 83' lang='lat' dir='ltr'><em>Y</em></span> <span class='ocrx_word' id='word_1_25' title='bbox 1170 520 1219 603; x_wconf 88' lang='lat' dir='ltr'><em>X</em></span> <span class='ocrx_word' id='word_1_26' title='bbox 1232 540 1263 607; x_wconf 79' lang='lat' dir='ltr'>x</span> <span class='ocrx_word' id='word_1_27' title='bbox 1283 519 1333 601; x_wconf 91' lang='lat' dir='ltr'><em>X</em></span> <span class='ocrx_word' id='word_1_28' title='bbox 1342 520 1379 604; x_wconf 89' lang='lat' dir='ltr'><strong><em>C</em></strong></span> <span class='ocrx_word' id='word_1_29' title='bbox 1412 516 1480 601; x_wconf 88' lang='lat' dir='ltr'>seu</span> <span class='ocrx_word' id='word_1_30' title='bbox 1513 518 1722 627; x_wconf 80' lang='lat' dir='ltr'>triangulo</span> <span class='ocrx_word' id='word_1_31' title='bbox 1907 511 1917 534; x_wconf 81' lang='grc'><em>’</em></span> 
     </span>
     <span class='ocr_line' id='line_1_4' title="bbox 7 645 1715 765; baseline -0.004 -33"><span class='ocrx_word' id='word_1_32' title='bbox 7 661 11 678; x_wconf 86' lang='grc'><strong>’</strong></span> <span class='ocrx_word' id='word_1_33' title='bbox 103 648 168 732; x_wconf 90' lang='grc' dir='ltr'><em>Χ</em></span> <span class='ocrx_word' id='word_1_34' title='bbox 185 650 312 748; x_wconf 86' lang='lat' dir='ltr'>CY;</span> <span class='ocrx_word' id='word_1_35' title='bbox 351 654 431 738; x_wconf 91' lang='lat' dir='ltr'>hoc</span> <span class='ocrx_word' id='word_1_36' title='bbox 458 651 531 749; x_wconf 86' lang='lat' dir='ltr'>est,</span> <span class='ocrx_word' id='word_1_37' title='bbox 564 650 758 765; x_wconf 83' lang='lat' dir='ltr'>quoniam</span> <span class='ocrx_word' id='word_1_38' title='bbox 785 675 970 734; x_wconf 83' lang='lat' dir='ltr'>arearum</span> <span class='ocrx_word' id='word_1_39' title='bbox 1001 648 1046 729; x_wconf 91' lang='lat' dir='ltr'><em>V</em></span> <span class='ocrx_word' id='word_1_40' title='bbox 1045 648 1189 748; x_wconf 78' lang='lat' dir='ltr'>Dbae,</span> <span class='ocrx_word' id='word_1_41' title='bbox 1217 649 1262 728; x_wconf 90' lang='lat' dir='ltr'><em>V</em></span> <span class='ocrx_word' id='word_1_42' title='bbox 1262 648 1330 733; x_wconf 89' lang='lat' dir='ltr'>IC</span> <span class='ocrx_word' id='word_1_43' title='bbox 1351 649 1523 759; x_wconf 82' lang='lat' dir='ltr'>aequales</span> <span class='ocrx_word' id='word_1_44' title='bbox 1557 645 1715 755; x_wconf 83' lang='lat' dir='ltr'>semper</span> 
     </span>
     <span class='ocr_line' id='line_1_5' title="bbox 9 770 1729 894; baseline -0.008 -31"><span class='ocrx_word' id='word_1_45' title='bbox 9 832 14 886; x_wconf 51' lang='grc' dir='ltr'><strong><em>ς</em></strong></span> <span class='ocrx_word' id='word_1_46' title='bbox 103 778 224 862; x_wconf 85' lang='lat' dir='ltr'>sunt</span> <span class='ocrx_word' id='word_1_47' title='bbox 264 774 472 863; x_wconf 83' lang='lat' dir='ltr'>nascentes</span> <span class='ocrx_word' id='word_1_48' title='bbox 497 775 705 887; x_wconf 84' lang='lat' dir='ltr'>particulae</span> <span class='ocrx_word' id='word_1_49' title='bbox 742 770 933 871; x_wconf 81' lang='lat' dir='ltr'>Dsz,</span> <span class='ocrx_word' id='word_1_50' title='bbox 960 771 990 852; x_wconf 89' lang='lat'><em>1</em></span> <span class='ocrx_word' id='word_1_51' title='bbox 995 772 1090 872; x_wconf 90' lang='lat' dir='ltr'>CK,</span> <span class='ocrx_word' id='word_1_52' title='bbox 1111 772 1156 856; x_wconf 86' lang='lat'>&amp;</span> <span class='ocrx_word' id='word_1_53' title='bbox 1183 799 1365 858; x_wconf 75' lang='lat' dir='ltr'>arearum</span> <span class='ocrx_word' id='word_1_54' title='bbox 1388 773 1432 851; x_wconf 90' lang='lat' dir='ltr'><em>V</em></span> <span class='ocrx_word' id='word_1_55' title='bbox 1433 774 1559 869; x_wconf 77' lang='lat' dir='ltr'>Dea,</span> <span class='ocrx_word' id='word_1_56' title='bbox 1586 770 1633 851; x_wconf 93' lang='lat' dir='ltr'><em>V</em></span> <span class='ocrx_word' id='word_1_57' title='bbox 1636 770 1723 851; x_wconf 83' lang='lat' dir='ltr'>CX</span> <span class='ocrx_word' id='word_1_58' title='bbox 1725 887 1729 894; x_wconf 19' lang='grc' dir='ltr'>ι</span> 
     </span>
     <span class='ocr_line' id='line_1_6' title="bbox 7 897 1718 1016; baseline -0.002 -32"><span class='ocrx_word' id='word_1_59' title='bbox 7 931 15 1016; x_wconf 61' lang='lat'>5¹</span> <span class='ocrx_word' id='word_1_60' title='bbox 108 907 318 1014; x_wconf 81' lang='lat' dir='ltr'>aequales</span> <span class='ocrx_word' id='word_1_61' title='bbox 346 905 507 1015; x_wconf 86' lang='lat' dir='ltr'>semper</span> <span class='ocrx_word' id='word_1_62' title='bbox 538 902 627 988; x_wconf 90' lang='lat' dir='ltr'>sunt</span> <span class='ocrx_word' id='word_1_63' title='bbox 657 898 862 986; x_wconf 83' lang='lat' dir='ltr'>nascentes</span> <span class='ocrx_word' id='word_1_64' title='bbox 895 901 1104 1012; x_wconf 72' lang='lat' dir='ltr'>particulae</span> <span class='ocrx_word' id='word_1_65' title='bbox 1130 898 1315 997; x_wconf 75' lang='lat' dir='ltr'>‘Dch‚</span> <span class='ocrx_word' id='word_1_66' title='bbox 1343 900 1392 985; x_wconf 86' lang='lat' dir='ltr'><em>X</em></span> <span class='ocrx_word' id='word_1_67' title='bbox 1395 897 1483 996; x_wconf 84' lang='lat' dir='ltr'>CY,</span> <span class='ocrx_word' id='word_1_68' title='bbox 1517 900 1595 983; x_wconf 88' lang='lat' dir='ltr'>erit</span> <span class='ocrx_word' id='word_1_69' title='bbox 1627 923 1718 982; x_wconf 84' lang='lat' dir='ltr'>area</span> 
     </span>
     <span class='ocr_line' id='line_1_7' title="bbox 107 1023 1719 1140; baseline -0.002 -31"><span class='ocrx_word' id='word_1_70' title='bbox 107 1029 280 1132; x_wconf 84' lang='lat' dir='ltr'>genita</span> <span class='ocrx_word' id='word_1_71' title='bbox 299 1029 345 1110; x_wconf 90' lang='lat' dir='ltr'><em>V</em></span> <span class='ocrx_word' id='word_1_72' title='bbox 347 1028 465 1114; x_wconf 77' lang='lat' dir='ltr'>Dba</span> <span class='ocrx_word' id='word_1_73' title='bbox 491 1027 654 1140; x_wconf 85' lang='lat' dir='ltr'>aequalis</span> <span class='ocrx_word' id='word_1_74' title='bbox 680 1049 783 1108; x_wconf 80' lang='lat' dir='ltr'>areae</span> <span class='ocrx_word' id='word_1_75' title='bbox 806 1024 955 1133; x_wconf 85' lang='lat' dir='ltr'>genitae</span> <span class='ocrx_word' id='word_1_76' title='bbox 983 1025 1061 1109; x_wconf 89' lang='lat' dir='ltr'>VI</span> <span class='ocrx_word' id='word_1_77' title='bbox 1065 1025 1110 1121; x_wconf 91' lang='lat' dir='ltr'>C,</span> <span class='ocrx_word' id='word_1_78' title='bbox 1144 1023 1323 1138; x_wconf 90' lang='lat' dir='ltr'>ideoque</span> <span class='ocrx_word' id='word_1_79' title='bbox 1349 1026 1525 1133; x_wconf 82' lang='lat' dir='ltr'>tempori</span> <span class='ocrx_word' id='word_1_80' title='bbox 1545 1048 1719 1134; x_wconf 86' lang='lat' dir='ltr'>propot-</span> 
     </span>
     <span class='ocr_line' id='line_1_8' title="bbox 110 1146 1719 1262; baseline 0.001 -32"><span class='ocrx_word' id='word_1_81' title='bbox 110 1151 318 1250; x_wconf 84' lang='lat' dir='ltr'>tionalis,</span> <span class='ocrx_word' id='word_1_82' title='bbox 344 1151 388 1236; x_wconf 70' lang='grc' dir='ltr'><strong>ἃ</strong></span> <span class='ocrx_word' id='word_1_83' title='bbox 412 1179 503 1237; x_wconf 79' lang='lat' dir='ltr'>area</span> <span class='ocrx_word' id='word_1_84' title='bbox 529 1150 665 1262; x_wconf 83' lang='lat' dir='ltr'>genita</span> <span class='ocrx_word' id='word_1_85' title='bbox 684 1150 730 1232; x_wconf 90' lang='lat' dir='ltr'><em>V</em></span> <span class='ocrx_word' id='word_1_86' title='bbox 737 1147 855 1230; x_wconf 78' lang='lat' dir='ltr'>Dra</span> <span class='ocrx_word' id='word_1_87' title='bbox 881 1151 1044 1262; x_wconf 84' lang='lat' dir='ltr'>aequalis</span> <span class='ocrx_word' id='word_1_88' title='bbox 1068 1148 1214 1233; x_wconf 68' lang='lat' dir='ltr'>sedon</span> <span class='ocrx_word' id='word_1_89' title='bbox 1241 1150 1382 1256; x_wconf 85' lang='lat' dir='ltr'>genito</span> <span class='ocrx_word' id='word_1_90' title='bbox 1400 1148 1449 1229; x_wconf 91' lang='lat' dir='ltr'><em>V</em></span> <span class='ocrx_word' id='word_1_91' title='bbox 1449 1148 1541 1233; x_wconf 85' lang='lat' dir='ltr'>CX</span> <span class='ocrx_word' id='word_1_92' title='bbox 1542 1213 1551 1232; x_wconf 91' lang='lat'><strong>.</strong></span> <span class='ocrx_word' id='word_1_93' title='bbox 1607 1146 1719 1234; x_wconf 82' lang='lat' dir='ltr'>Dato</span> 
     </span>
     <span class='ocr_line' id='line_1_9' title="bbox 108 1273 1724 1391; baseline 0.001 -33"><span class='ocrx_word' id='word_1_94' title='bbox 108 1275 268 1385; x_wconf 87' lang='lat' dir='ltr'>igitur</span> <span class='ocrx_word' id='word_1_95' title='bbox 300 1297 487 1389; x_wconf 91' lang='lat' dir='ltr'>tempore</span> <span class='ocrx_word' id='word_1_96' title='bbox 522 1278 668 1391; x_wconf 87' lang='lat' dir='ltr'>quovis</span> <span class='ocrx_word' id='word_1_97' title='bbox 696 1302 750 1362; x_wconf 89' lang='lat' dir='ltr'>ex</span> <span class='ocrx_word' id='word_1_98' title='bbox 774 1300 859 1389; x_wconf 91' lang='lat' dir='ltr'>quo</span> <span class='ocrx_word' id='word_1_99' title='bbox 888 1300 1037 1385; x_wconf 86' lang='lat' dir='ltr'>corpus</span> <span class='ocrx_word' id='word_1_100' title='bbox 1066 1274 1243 1360; x_wconf 87' lang='lat' dir='ltr'>disceffit</span> <span class='ocrx_word' id='word_1_101' title='bbox 1265 1275 1320 1360; x_wconf 88' lang='lat' dir='ltr'>de</span> <span class='ocrx_word' id='word_1_102' title='bbox 1348 1276 1445 1362; x_wconf 89' lang='lat' dir='ltr'>loco</span> <span class='ocrx_word' id='word_1_103' title='bbox 1474 1276 1527 1373; x_wconf 87' lang='lat' dir='ltr'>V,</span> <span class='ocrx_word' id='word_1_104' title='bbox 1555 1273 1724 1359; x_wconf 81' lang='lat' dir='ltr'>dabitur</span> 
     </span>
     <span class='ocr_line' id='line_1_10' title="bbox 112 1399 1730 1516; baseline 0.003 -34"><span class='ocrx_word' id='word_1_105' title='bbox 112 1427 230 1487; x_wconf 83' lang='lat' dir='ltr'>area</span> <span class='ocrx_word' id='word_1_106' title='bbox 264 1405 354 1516; x_wconf 74' lang='lat' dir='ltr'>ipsr‘</span> <span class='ocrx_word' id='word_1_107' title='bbox 373 1403 686 1515; x_wconf 84' lang='lat' dir='ltr'>proportionalis</span> <span class='ocrx_word' id='word_1_108' title='bbox 718 1403 765 1484; x_wconf 94' lang='lat' dir='ltr'><em>V</em></span> <span class='ocrx_word' id='word_1_109' title='bbox 763 1402 894 1499; x_wconf 79' lang='lat' dir='ltr'><em>Dba,</em></span> <span class='ocrx_word' id='word_1_110' title='bbox 935 1399 980 1483; x_wconf 83' lang='lat' dir='ltr'>dt</span> <span class='ocrx_word' id='word_1_111' title='bbox 1005 1401 1103 1485; x_wconf 85' lang='lat' dir='ltr'>inde</span> <span class='ocrx_word' id='word_1_112' title='bbox 1127 1400 1293 1487; x_wconf 85' lang='lat' dir='ltr'>dabitur</span> <span class='ocrx_word' id='word_1_113' title='bbox 1320 1403 1507 1513; x_wconf 77' lang='lat' dir='ltr'>corporis</span> <span class='ocrx_word' id='word_1_114' title='bbox 1541 1403 1730 1490; x_wconf 73' lang='lat' dir='ltr'>altitudo?</span> 
     </span>
     <span class='ocr_line' id='line_1_11' title="bbox 117 1522 1721 1640; baseline 0.002 -31"><span class='ocrx_word' id='word_1_115' title='bbox 117 1527 240 1610; x_wconf 84' lang='lat' dir='ltr'>CD</span> <span class='ocrx_word' id='word_1_116' title='bbox 275 1530 341 1614; x_wconf 92' lang='lat' dir='ltr'>vel</span> <span class='ocrx_word' id='word_1_117' title='bbox 376 1529 450 1612; x_wconf 90' lang='lat' dir='ltr'>CI</span> <span class='ocrx_word' id='word_1_118' title='bbox 457 1567 470 1626; x_wconf 85' lang='lat'>;</span> <span class='ocrx_word' id='word_1_119' title='bbox 500 1529 544 1612; x_wconf 77' lang='grc' dir='ltr'>δι</span> <span class='ocrx_word' id='word_1_120' title='bbox 565 1554 656 1613; x_wconf 80' lang='lat' dir='ltr'>area</span> <span class='ocrx_word' id='word_1_121' title='bbox 674 1526 720 1610; x_wconf 89' lang='lat' dir='ltr'><em>V</em></span> <span class='ocrx_word' id='word_1_122' title='bbox 720 1529 848 1626; x_wconf 84' lang='lat' dir='ltr'>Dra,</span> <span class='ocrx_word' id='word_1_123' title='bbox 877 1527 997 1640; x_wconf 89' lang='lat' dir='ltr'>eique</span> <span class='ocrx_word' id='word_1_124' title='bbox 1016 1528 1180 1639; x_wconf 69' lang='lat' dir='ltr'>equalis</span> <span class='ocrx_word' id='word_1_125' title='bbox 1199 1522 1329 1611; x_wconf 66' lang='lat' dir='ltr'>sessor</span> <span class='ocrx_word' id='word_1_126' title='bbox 1357 1527 1403 1607; x_wconf 92' lang='lat' dir='ltr'><em>V</em></span> <span class='ocrx_word' id='word_1_127' title='bbox 1410 1527 1503 1611; x_wconf 87' lang='lat' dir='ltr'>CX</span> <span class='ocrx_word' id='word_1_128' title='bbox 1516 1554 1594 1612; x_wconf 79' lang='lat' dir='ltr'>una</span> <span class='ocrx_word' id='word_1_129' title='bbox 1619 1552 1721 1612; x_wconf 88' lang='lat' dir='ltr'>curn</span> 
     </span>
     <span class='ocr_line' id='line_1_12' title="bbox 117 1651 1724 1766; baseline 0.006 -34"><span class='ocrx_word' id='word_1_130' title='bbox 117 1651 224 1761; x_wconf 87' lang='lat' dir='ltr'>ejus</span> <span class='ocrx_word' id='word_1_131' title='bbox 249 1657 400 1766; x_wconf 82' lang='lat' dir='ltr'>angulo</span> <span class='ocrx_word' id='word_1_132' title='bbox 417 1654 466 1737; x_wconf 90' lang='lat' dir='ltr'><em>V</em></span> <span class='ocrx_word' id='word_1_133' title='bbox 468 1654 543 1740; x_wconf 86' lang='lat' dir='ltr'>CI.</span> <span class='ocrx_word' id='word_1_134' title='bbox 600 1653 716 1740; x_wconf 84' lang='lat' dir='ltr'>Datis</span> <span class='ocrx_word' id='word_1_135' title='bbox 741 1675 879 1740; x_wconf 84' lang='lat' dir='ltr'>autem</span> <span class='ocrx_word' id='word_1_136' title='bbox 910 1655 1058 1762; x_wconf 83' lang='lat' dir='ltr'>angulo</span> <span class='ocrx_word' id='word_1_137' title='bbox 1085 1652 1204 1739; x_wconf 87' lang='lat' dir='ltr'>VCI</span> <span class='ocrx_word' id='word_1_138' title='bbox 1219 1652 1495 1741; x_wconf 81' lang='lat' dir='ltr'>&amp;altitudine</span> <span class='ocrx_word' id='word_1_139' title='bbox 1516 1656 1586 1740; x_wconf 88' lang='lat' dir='ltr'>CI</span> <span class='ocrx_word' id='word_1_140' title='bbox 1601 1656 1724 1741; x_wconf 72' lang='lat' dir='ltr'>datur</span> 
     </span>
     <span class='ocr_line' id='line_1_13' title="bbox 116 1778 1666 1899; baseline 0.001 -36"><span class='ocrx_word' id='word_1_141' title='bbox 116 1779 256 1864; x_wconf 90' lang='lat' dir='ltr'>locus</span> <span class='ocrx_word' id='word_1_142' title='bbox 276 1779 314 1878; x_wconf 90' lang='lat' dir='ltr'>I,</span> <span class='ocrx_word' id='word_1_143' title='bbox 342 1781 385 1865; x_wconf 92' lang='lat' dir='ltr'>in</span> <span class='ocrx_word' id='word_1_144' title='bbox 407 1804 494 1894; x_wconf 92' lang='lat' dir='ltr'>quo</span> <span class='ocrx_word' id='word_1_145' title='bbox 521 1804 669 1891; x_wconf 89' lang='lat' dir='ltr'>corpus</span> <span class='ocrx_word' id='word_1_146' title='bbox 690 1781 900 1889; x_wconf 91' lang='lat' dir='ltr'>completo</span> <span class='ocrx_word' id='word_1_147' title='bbox 919 1778 990 1864; x_wconf 90' lang='lat' dir='ltr'>illo</span> <span class='ocrx_word' id='word_1_148' title='bbox 1015 1794 1203 1889; x_wconf 86' lang='lat' dir='ltr'>tempore</span> <span class='ocrx_word' id='word_1_149' title='bbox 1223 1779 1462 1890; x_wconf 87' lang='lat' dir='ltr'>reperietur.</span> <span class='ocrx_word' id='word_1_150' title='bbox 1493 1780 1614 1899; x_wconf 54' lang='grc' dir='ltr'>μ.</span> <span class='ocrx_word' id='word_1_151' title='bbox 1628 1780 1666 1865; x_wconf 83' lang='grc' dir='ltr'>Ι.</span> 
     </span>
    </p>

    <p class='ocr_par' dir='ltr' id='par_1_3' title="bbox 184 1903 1728 2019">
     <span class='ocr_line' id='line_1_14' title="bbox 184 1903 1728 2019; baseline 0.004 -29"><span class='ocrx_word' id='word_1_152' title='bbox 184 1906 324 1990; x_wconf 86' lang='lat' dir='ltr'>Corol.</span> <span class='ocrx_word' id='word_1_153' title='bbox 349 1933 383 1990; x_wconf 90' lang='lat' dir='ltr'>r.</span> <span class='ocrx_word' id='word_1_154' title='bbox 411 1903 528 1992; x_wconf 90' lang='lat' dir='ltr'>Hinc</span> <span class='ocrx_word' id='word_1_155' title='bbox 550 1907 738 1991; x_wconf 84' lang='lat' dir='ltr'>maximae</span> <span class='ocrx_word' id='word_1_156' title='bbox 767 1907 1030 2019; x_wconf 70' lang='lat' dir='ltr'>minimeque</span> <span class='ocrx_word' id='word_1_157' title='bbox 1063 1930 1287 2017; x_wconf 90' lang='lat' dir='ltr'>corporum</span> <span class='ocrx_word' id='word_1_158' title='bbox 1306 1906 1558 2007; x_wconf 81' lang='lat' dir='ltr'>altitudines,</span> <span class='ocrx_word' id='word_1_159' title='bbox 1584 1907 1628 1992; x_wconf 87' lang='lat' dir='ltr'>id</span> <span class='ocrx_word' id='word_1_160' title='bbox 1648 1905 1728 2008; x_wconf 45' lang='grc' dir='ltr'>εἰῇ</span> 
     </span>
    </p>

    <p class='ocr_par' dir='ltr' id='par_1_4' title="bbox 118 2027 1722 2152">
     <span class='ocr_line' id='line_1_15' title="bbox 118 2027 1722 2152; baseline 0.004 -38"><span class='ocrx_word' id='word_1_161' title='bbox 118 2029 295 2142; x_wconf 81' lang='lat' dir='ltr'>apsides</span> <span class='ocrx_word' id='word_1_162' title='bbox 322 2027 640 2138; x_wconf 73' lang='lat' dir='ltr'>tnjettoriarum</span> <span class='ocrx_word' id='word_1_163' title='bbox 658 2031 855 2142; x_wconf 84' lang='lat' dir='ltr'>expedite</span> <span class='ocrx_word' id='word_1_164' title='bbox 881 2028 1252 2143; x_wconf 78' lang='lat' dir='ltr'>inveniri&#39;possnnt.</span> <span class='ocrx_word' id='word_1_165' title='bbox 1305 2029 1410 2117; x_wconf 84' lang='lat' dir='ltr'>Sunt</span> <span class='ocrx_word' id='word_1_166' title='bbox 1436 2032 1547 2152; x_wconf 85' lang='lat' dir='ltr'>enim</span> <span class='ocrx_word' id='word_1_167' title='bbox 1568 2031 1722 2145; x_wconf 75' lang='lat' dir='ltr'>apsrde&#39;e</span> 
     </span>
    </p>

    <p class='ocr_par' dir='ltr' id='par_1_5' title="bbox 12 2151 1723 2523">
     <span class='ocr_line' id='line_1_16' title="bbox 12 2151 1722 2276; baseline 0.002 -35"><span class='ocrx_word' id='word_1_168' title='bbox 12 2255 19 2276; x_wconf 20' lang='lat' dir='ltr'>x</span> <span class='ocrx_word' id='word_1_169' title='bbox 120 2151 291 2266; x_wconf 75' lang='lat' dir='ltr'>puneta</span> <span class='ocrx_word' id='word_1_170' title='bbox 314 2156 380 2242; x_wconf 75' lang='lat' dir='ltr'>illa</span> <span class='ocrx_word' id='word_1_171' title='bbox 401 2156 445 2244; x_wconf 89' lang='lat' dir='ltr'>in</span> <span class='ocrx_word' id='word_1_172' title='bbox 470 2155 620 2269; x_wconf 82' lang='lat' dir='ltr'>quibus</span> <span class='ocrx_word' id='word_1_173' title='bbox 637 2159 746 2242; x_wconf 68' lang='lat' dir='ltr'>reda</span> <span class='ocrx_word' id='word_1_174' title='bbox 764 2157 793 2240; x_wconf 91' lang='grc' dir='ltr'><em>Ι</em></span> <span class='ocrx_word' id='word_1_175' title='bbox 804 2159 843 2245; x_wconf 88' lang='lat' dir='ltr'><em>C</em></span> <span class='ocrx_word' id='word_1_176' title='bbox 856 2182 932 2268; x_wconf 90' lang='lat' dir='ltr'>per</span> <span class='ocrx_word' id='word_1_177' title='bbox 956 2179 1145 2242; x_wconf 84' lang='lat' dir='ltr'>centrum</span> <span class='ocrx_word' id='word_1_178' title='bbox 1172 2156 1291 2243; x_wconf 73' lang='lat' dir='ltr'>duda</span> <span class='ocrx_word' id='word_1_179' title='bbox 1321 2157 1469 2243; x_wconf 88' lang='lat' dir='ltr'>incidit</span> <span class='ocrx_word' id='word_1_180' title='bbox 1503 2160 1722 2271; x_wconf 75' lang='lat' dir='ltr'>perpendi·</span> 
     </span>
     <span class='ocr_line' id='line_1_17' title="bbox 123 2278 1723 2396; baseline 0.004 -31"><span class='ocrx_word' id='word_1_181' title='bbox 123 2281 332 2366; x_wconf 83' lang='lat' dir='ltr'>culariter</span> <span class='ocrx_word' id='word_1_182' title='bbox 365 2281 408 2367; x_wconf 91' lang='lat' dir='ltr'>in</span> <span class='ocrx_word' id='word_1_183' title='bbox 437 2278 707 2391; x_wconf 72' lang='lat' dir='ltr'>trrjedioriam</span> <span class='ocrx_word' id='word_1_184' title='bbox 732 2283 780 2366; x_wconf 89' lang='lat' dir='ltr'><em>V</em></span> <span class='ocrx_word' id='word_1_185' title='bbox 784 2283 814 2368; x_wconf 92' lang='lat' dir='ltr'><strong><em>I</em></strong></span> <span class='ocrx_word' id='word_1_186' title='bbox 820 2283 867 2368; x_wconf 92' lang='lat' dir='ltr'><em>K</em></span> <span class='ocrx_word' id='word_1_187' title='bbox 884 2315 897 2363; x_wconf 91' lang='grc'>.·</span> <span class='ocrx_word' id='word_1_188' title='bbox 925 2282 972 2368; x_wconf 89' lang='lat' dir='ltr'>id&#39;</span> <span class='ocrx_word' id='word_1_189' title='bbox 987 2281 1105 2396; x_wconf 88' lang='lat' dir='ltr'>quod</span> <span class='ocrx_word' id='word_1_190' title='bbox 1129 2280 1178 2367; x_wconf 87' lang='lat' dir='ltr'>fit</span> <span class='ocrx_word' id='word_1_191' title='bbox 1202 2283 1276 2369; x_wconf 88' lang='lat' dir='ltr'>ubi</span> <span class='ocrx_word' id='word_1_192' title='bbox 1302 2283 1425 2369; x_wconf 69' lang='lat' dir='ltr'>resim</span> <span class='ocrx_word' id='word_1_193' title='bbox 1446 2286 1474 2368; x_wconf 93' lang='lat' dir='ltr'><em>I</em></span> <span class='ocrx_word' id='word_1_194' title='bbox 1480 2286 1526 2369; x_wconf 89' lang='lat' dir='ltr'><em>K</em></span> <span class='ocrx_word' id='word_1_195' title='bbox 1554 2286 1598 2373; x_wconf 79' lang='lat' dir='ltr'>dt</span> <span class='ocrx_word' id='word_1_196' title='bbox 1620 2284 1723 2371; x_wconf 88' lang='lat' dir='ltr'>NK</span> 
     </span>
     <span class='ocr_line' id='line_1_18' title="bbox 126 2405 1389 2523; baseline 0.002 -33"><span class='ocrx_word' id='word_1_197' title='bbox 126 2425 372 2521; x_wconf 68' lang='lat' dir='ltr'>aequantur,</span> <span class='ocrx_word' id='word_1_198' title='bbox 399 2405 581 2523; x_wconf 88' lang='lat' dir='ltr'>ideoque</span> <span class='ocrx_word' id='word_1_199' title='bbox 604 2411 676 2496; x_wconf 94' lang='lat' dir='ltr'>ubi</span> <span class='ocrx_word' id='word_1_200' title='bbox 702 2438 794 2497; x_wconf 82' lang='lat' dir='ltr'>area</span> <span class='ocrx_word' id='word_1_201' title='bbox 812 2411 904 2495; x_wconf 91' lang='lat' dir='ltr'>AB</span> <span class='ocrx_word' id='word_1_202' title='bbox 914 2410 1012 2493; x_wconf 79' lang='lat' dir='ltr'>FD</span> <span class='ocrx_word' id='word_1_203' title='bbox 1036 2411 1198 2523; x_wconf 84' lang='lat' dir='ltr'>aequalis</span> <span class='ocrx_word' id='word_1_204' title='bbox 1218 2410 1277 2495; x_wconf 85' lang='lat' dir='ltr'>est</span> <span class='ocrx_word' id='word_1_205' title='bbox 1292 2407 1389 2494; x_wconf 91' lang='lat' dir='ltr'>ZZ.</span> 
     </span>
    </p>

    <p class='ocr_par' dir='ltr' id='par_1_6' title="bbox 125 2531 1721 3028">
     <span class='ocr_line' id='line_1_19' title="bbox 191 2531 1719 2648; baseline 0.004 -30"><span class='ocrx_word' id='word_1_206' title='bbox 191 2532 325 2618; x_wconf 78' lang='lat' dir='ltr'>Coros.</span> <span class='ocrx_word' id='word_1_207' title='bbox 346 2562 382 2616; x_wconf 73' lang='grc' dir='ltr'>ι.</span> <span class='ocrx_word' id='word_1_208' title='bbox 417 2531 500 2619; x_wconf 88' lang='lat' dir='ltr'>Sed</span> <span class='ocrx_word' id='word_1_209' title='bbox 530 2533 575 2618; x_wconf 73' lang='grc' dir='ltr'>δε</span> <span class='ocrx_word' id='word_1_210' title='bbox 599 2539 765 2647; x_wconf 81' lang='lat' dir='ltr'>ungulus</span> <span class='ocrx_word' id='word_1_211' title='bbox 783 2536 830 2620; x_wconf 94' lang='lat' dir='ltr'><em>K</em></span> <span class='ocrx_word' id='word_1_212' title='bbox 840 2536 936 2636; x_wconf 89' lang='lat' dir='ltr'>IN,</span> <span class='ocrx_word' id='word_1_213' title='bbox 963 2537 1005 2621; x_wconf 92' lang='lat' dir='ltr'>in</span> <span class='ocrx_word' id='word_1_214' title='bbox 1031 2562 1117 2648; x_wconf 89' lang='lat' dir='ltr'>quo</span> <span class='ocrx_word' id='word_1_215' title='bbox 1136 2532 1363 2645; x_wconf 76' lang='lat' dir='ltr'>trajesioria</span> <span class='ocrx_word' id='word_1_216' title='bbox 1381 2537 1529 2622; x_wconf 85' lang='lat' dir='ltr'>alicubi</span> <span class='ocrx_word' id='word_1_217' title='bbox 1547 2537 1655 2624; x_wconf 79' lang='lat' dir='ltr'>secat</span> <span class='ocrx_word' id='word_1_218' title='bbox 1673 2539 1719 2624; x_wconf 89' lang='lat' dir='ltr'>li·</span> 
     </span>
     <span class='ocr_line' id='line_1_20' title="bbox 126 2659 1721 2780; baseline 0.003 -34"><span class='ocrx_word' id='word_1_219' title='bbox 126 2685 260 2746; x_wconf 87' lang='lat' dir='ltr'>neam</span> <span class='ocrx_word' id='word_1_220' title='bbox 284 2659 393 2746; x_wconf 76' lang='lat' dir='ltr'>illam</span> <span class='ocrx_word' id='word_1_221' title='bbox 414 2659 444 2742; x_wconf 93' lang='grc' dir='ltr'><em>Ι</em></span> <span class='ocrx_word' id='word_1_222' title='bbox 454 2660 499 2759; x_wconf 88' lang='lat' dir='ltr'>C,</span> <span class='ocrx_word' id='word_1_223' title='bbox 527 2687 581 2748; x_wconf 85' lang='lat' dir='ltr'>ex</span> <span class='ocrx_word' id='word_1_224' title='bbox 607 2661 702 2780; x_wconf 82' lang='lat' dir='ltr'>data</span> <span class='ocrx_word' id='word_1_225' title='bbox 726 2666 916 2776; x_wconf 88' lang='lat' dir='ltr'>corporis</span> <span class='ocrx_word' id='word_1_226' title='bbox 938 2663 1154 2750; x_wconf 79' lang='lat' dir='ltr'>altitudine</span> <span class='ocrx_word' id='word_1_227' title='bbox 1178 2662 1259 2749; x_wconf 84' lang='lat' dir='ltr'>&#39;IC</span> <span class='ocrx_word' id='word_1_228' title='bbox 1270 2663 1465 2774; x_wconf 77' lang='lat' dir='ltr'>expedite</span> <span class='ocrx_word' id='word_1_229' title='bbox 1489 2663 1721 2765; x_wconf 68' lang='lat' dir='ltr'>invenitur‘r</span> 
     </span>
     <span class='ocr_line' id='line_1_21' title="bbox 125 2786 1721 2902; baseline 0.008 -32"><span class='ocrx_word' id='word_1_230' title='bbox 125 2787 337 2872; x_wconf 86' lang='lat' dir='ltr'>nimirum</span> <span class='ocrx_word' id='word_1_231' title='bbox 355 2787 557 2902; x_wconf 82' lang='lat' dir='ltr'>capiendo</span> <span class='ocrx_word' id='word_1_232' title='bbox 577 2787 706 2876; x_wconf 88' lang='lat' dir='ltr'>smum</span> <span class='ocrx_word' id='word_1_233' title='bbox 729 2788 816 2901; x_wconf 88' lang='lat' dir='ltr'>ejus</span> <span class='ocrx_word' id='word_1_234' title='bbox 841 2789 893 2876; x_wconf 77' lang='lat' dir='ltr'>ad</span> <span class='ocrx_word' id='word_1_235' title='bbox 1000 2788 1085 2873; x_wconf 89' lang='lat' dir='ltr'>ium</span> <span class='ocrx_word' id='word_1_236' title='bbox 1113 2807 1159 2873; x_wconf 92' lang='lat' dir='ltr'>ut</span> <span class='ocrx_word' id='word_1_237' title='bbox 1186 2787 1233 2871; x_wconf 90' lang='lat' dir='ltr'><em>K</em></span> <span class='ocrx_word' id='word_1_238' title='bbox 1244 2786 1299 2870; x_wconf 89' lang='lat' dir='ltr'><em>N</em></span> <span class='ocrx_word' id='word_1_239' title='bbox 1313 2789 1364 2874; x_wconf 83' lang='lat' dir='ltr'>ad</span> <span class='ocrx_word' id='word_1_240' title='bbox 1390 2787 1420 2870; x_wconf 93' lang='lat' dir='ltr'><strong><em>I</em></strong></span> <span class='ocrx_word' id='word_1_241' title='bbox 1430 2790 1486 2890; x_wconf 90' lang='lat' dir='ltr'>K,</span> <span class='ocrx_word' id='word_1_242' title='bbox 1510 2788 1555 2876; x_wconf 91' lang='lat' dir='ltr'>id</span> <span class='ocrx_word' id='word_1_243' title='bbox 1574 2795 1645 2893; x_wconf 86' lang='lat' dir='ltr'>est,</span> <span class='ocrx_word' id='word_1_244' title='bbox 1673 2819 1721 2881; x_wconf 87' lang='lat' dir='ltr'>ut</span> 
     </span>
     <span class='ocr_line' id='line_1_22' title="bbox 128 2909 1658 3028; baseline 0.004 -32"><span class='ocrx_word' id='word_1_245' title='bbox 128 2909 172 2996; x_wconf 91' lang='lat' dir='ltr'>Z</span> <span class='ocrx_word' id='word_1_246' title='bbox 193 2910 372 2998; x_wconf 83' lang='lat' dir='ltr'>adlatus</span> <span class='ocrx_word' id='word_1_247' title='bbox 392 2913 637 3028; x_wconf 81' lang='lat' dir='ltr'>quadratum</span> <span class='ocrx_word' id='word_1_248' title='bbox 659 2940 763 3000; x_wconf 82' lang='lat' dir='ltr'>areae</span> <span class='ocrx_word' id='word_1_249' title='bbox 790 2916 883 3000; x_wconf 88' lang='lat' dir='ltr'>AB</span> <span class='ocrx_word' id='word_1_250' title='bbox 940 2917 1002 3001; x_wconf 83' lang='lat' dir='ltr'>D.</span> <span class='ocrx_word' id='word_1_251' title='bbox 1652 2989 1658 3002; x_wconf 88' lang='lat'><strong><em>.</em></strong></span> 
     </span>
    </p>

    <p class='ocr_par' dir='ltr' id='par_1_7' title="bbox 15 3037 1722 3400">
     <span class='ocr_line' id='line_1_23' title="bbox 15 3037 1721 3152; baseline 0.002 -28"><span class='ocrx_word' id='word_1_252' title='bbox 15 3139 20 3152; x_wconf 37' lang='lat'>‚</span> <span class='ocrx_word' id='word_1_253' title='bbox 190 3039 324 3124; x_wconf 87' lang='lat' dir='ltr'>Corol.</span> <span class='ocrx_word' id='word_1_254' title='bbox 355 3065 391 3138; x_wconf 85' lang='lat'>3.</span> <span class='ocrx_word' id='word_1_255' title='bbox 429 3039 472 3124; x_wconf 85' lang='lat' dir='ltr'>si</span> <span class='ocrx_word' id='word_1_256' title='bbox 501 3061 647 3126; x_wconf 89' lang='lat' dir='ltr'>centro</span> <span class='ocrx_word' id='word_1_257' title='bbox 681 3039 781 3130; x_wconf 86' lang='lat' dir='ltr'>C&amp;</span> <span class='ocrx_word' id='word_1_258' title='bbox 813 3047 971 3132; x_wconf 89' lang='lat' dir='ltr'>vertice</span> <span class='ocrx_word' id='word_1_259' title='bbox 1004 3037 1215 3152; x_wconf 83' lang='lat' dir='ltr'>principali</span> <span class='ocrx_word' id='word_1_260' title='bbox 1247 3038 1294 3122; x_wconf 93' lang='lat' dir='ltr'><em>V</em></span> <span class='ocrx_word' id='word_1_261' title='bbox 1312 3037 1564 3129; x_wconf 82' lang='lat' dir='ltr'>describatur</span> <span class='ocrx_word' id='word_1_262' title='bbox 1596 3038 1721 3127; x_wconf 69' lang='lat' dir='ltr'>sefiio</span> 
     </span>
     <span class='ocr_line' id='line_1_24' title="bbox 15 3161 1722 3283; baseline 0.005 -40"><span class='ocrx_word' id='word_1_263' title='bbox 15 3179 20 3243; x_wconf 78' lang='lat'>3</span> <span class='ocrx_word' id='word_1_264' title='bbox 132 3161 335 3274; x_wconf 87' lang='lat' dir='ltr'>quaelibet</span> <span class='ocrx_word' id='word_1_265' title='bbox 368 3162 512 3249; x_wconf 84' lang='lat' dir='ltr'>conica</span> <span class='ocrx_word' id='word_1_266' title='bbox 537 3164 633 3248; x_wconf 88' lang='lat' dir='ltr'>VR</span> <span class='ocrx_word' id='word_1_267' title='bbox 648 3163 690 3263; x_wconf 87' lang='lat' dir='ltr'>S,</span> <span class='ocrx_word' id='word_1_268' title='bbox 726 3164 770 3249; x_wconf 70' lang='grc' dir='ltr'>ἃ</span> <span class='ocrx_word' id='word_1_269' title='bbox 793 3194 815 3251; x_wconf 87' lang='lat' dir='ltr'>a</span> <span class='ocrx_word' id='word_1_270' title='bbox 840 3171 986 3283; x_wconf 89' lang='lat' dir='ltr'>quovis</span> <span class='ocrx_word' id='word_1_271' title='bbox 1019 3163 1106 3274; x_wconf 87' lang='lat' dir='ltr'>ejus</span> <span class='ocrx_word' id='word_1_272' title='bbox 1133 3162 1288 3275; x_wconf 71' lang='lat' dir='ltr'>pundo</span> <span class='ocrx_word' id='word_1_273' title='bbox 1309 3165 1351 3248; x_wconf 89' lang='lat' dir='ltr'><em>R</em></span> <span class='ocrx_word' id='word_1_274' title='bbox 1382 3186 1522 3276; x_wconf 86' lang='lat' dir='ltr'>agatur</span> <span class='ocrx_word' id='word_1_275' title='bbox 1552 3185 1722 3275; x_wconf 65' lang='lat' dir='ltr'>tangens</span> 
     </span>
     <span class='ocr_line' id='line_1_25' title="bbox 15 3278 1434 3400; baseline 0.006 -31"><span class='ocrx_word' id='word_1_276' title='bbox 15 3278 19 3369; x_wconf 81' lang='lat'><em>5</em></span> <span class='ocrx_word' id='word_1_277' title='bbox 133 3284 232 3370; x_wconf 86' lang='lat' dir='ltr'>RT</span> <span class='ocrx_word' id='word_1_278' title='bbox 248 3311 468 3372; x_wconf 85' lang='lat' dir='ltr'>occurrens</span> <span class='ocrx_word' id='word_1_279' title='bbox 487 3288 553 3372; x_wconf 86' lang='lat' dir='ltr'>axi</span> <span class='ocrx_word' id='word_1_280' title='bbox 573 3287 960 3400; x_wconf 73' lang='lat' dir='ltr'>infinitaeprodudo</span> <span class='ocrx_word' id='word_1_281' title='bbox 1373 3311 1434 3400; x_wconf 63' lang='lat' dir='ltr'><em>ss</em></span> 
     </span>
    </p>
   </div>
   <div class='ocr_carea' id='block_1_3' title="bbox 15 3409 1507 3904">
    <p class='ocr_par' dir='ltr' id='par_1_8' title="bbox 16 3409 1309 3549">
     <span class='ocr_line' id='line_1_26' title="bbox 16 3409 1309 3549; baseline -0.003 -53"><span class='ocrx_word' id='word_1_282' title='bbox 16 3425 21 3528; x_wconf 54' lang='grc' dir='ltr'>ᾗ</span> <span class='ocrx_word' id='word_1_283' title='bbox 136 3411 234 3494; x_wconf 87' lang='lat' dir='ltr'>CV</span> <span class='ocrx_word' id='word_1_284' title='bbox 250 3410 291 3495; x_wconf 90' lang='lat' dir='ltr'>in</span> <span class='ocrx_word' id='word_1_285' title='bbox 311 3409 463 3520; x_wconf 72' lang='lat' dir='ltr'>pontio</span> <span class='ocrx_word' id='word_1_286' title='bbox 485 3411 546 3507; x_wconf 81' lang='lat' dir='ltr'>T;</span> <span class='ocrx_word' id='word_1_287' title='bbox 585 3410 682 3496; x_wconf 88' lang='lat' dir='ltr'>dein</span> <span class='ocrx_word' id='word_1_288' title='bbox 706 3413 843 3522; x_wconf 68' lang='lat' dir='ltr'>juncta</span> <span class='ocrx_word' id='word_1_289' title='bbox 871 3420 957 3506; x_wconf 88' lang='lat' dir='ltr'>CR</span> <span class='ocrx_word' id='word_1_290' title='bbox 1271 3487 1309 3549; x_wconf 62' lang='lat' dir='ltr'>R</span> 
     </span>
    </p>

    <p class='ocr_par' dir='ltr' id='par_1_9' title="bbox 15 3529 1245 3658">
     <span class='ocr_line' id='line_1_27' title="bbox 15 3529 1245 3658; baseline 0.002 -36"><span class='ocrx_word' id='word_1_291' title='bbox 15 3579 19 3592; x_wconf 93' lang='lat'><em>·</em></span> <span class='ocrx_word' id='word_1_292' title='bbox 134 3536 317 3620; x_wconf 82' lang='lat' dir='ltr'>ducatur</span> <span class='ocrx_word' id='word_1_293' title='bbox 344 3529 451 3618; x_wconf 73' lang='lat' dir='ltr'>reda</span> <span class='ocrx_word' id='word_1_294' title='bbox 470 3535 566 3635; x_wconf 88' lang='lat' dir='ltr'>CP,</span> <span class='ocrx_word' id='word_1_295' title='bbox 601 3561 694 3649; x_wconf 85' lang='lat' dir='ltr'>quae</span> <span class='ocrx_word' id='word_1_296' title='bbox 721 3541 883 3653; x_wconf 87' lang='lat' dir='ltr'>aequalis</span> <span class='ocrx_word' id='word_1_297' title='bbox 910 3540 956 3628; x_wconf 91' lang='lat' dir='ltr'>s1t</span> <span class='ocrx_word' id='word_1_298' title='bbox 1242 3651 1245 3658; x_wconf 13' lang='grc'><em>1</em></span> 
     </span>
    </p>

    <p class='ocr_par' dir='ltr' id='par_1_10' title="bbox 16 3657 1507 3904">
     <span class='ocr_line' id='line_1_28' title="bbox 16 3657 1507 3774; baseline -0.017 -26"><span class='ocrx_word' id='word_1_299' title='bbox 16 3683 21 3738; x_wconf 71' lang='lat' dir='ltr'>t</span> <span class='ocrx_word' id='word_1_300' title='bbox 135 3657 314 3746; x_wconf 81' lang='lat' dir='ltr'>abscilsae</span> <span class='ocrx_word' id='word_1_301' title='bbox 335 3657 421 3757; x_wconf 88' lang='lat' dir='ltr'>CT,</span> <span class='ocrx_word' id='word_1_302' title='bbox 448 3663 723 3774; x_wconf 78' lang='lat' dir='ltr'>angulumque</span> <span class='ocrx_word' id='word_1_303' title='bbox 749 3666 797 3749; x_wconf 89' lang='lat' dir='ltr'><em>V</em></span> <span class='ocrx_word' id='word_1_304' title='bbox 797 3663 880 3750; x_wconf 85' lang='lat' dir='ltr'>CP</span> <span class='ocrx_word' id='word_1_305' title='bbox 898 3666 955 3752; x_wconf 91' lang='lat' dir='ltr'>se.</span> <span class='ocrx_word' id='word_1_306' title='bbox 995 3708 999 3734; x_wconf 78' lang='grc'><strong><em>,</em></strong></span> <span class='ocrx_word' id='word_1_307' title='bbox 1505 3715 1507 3721; x_wconf 94' lang='grc'>.</span> 
     </span>
     <span class='ocr_line' id='line_1_29' title="bbox 16 3779 1016 3904; baseline 0.002 -30"><span class='ocrx_word' id='word_1_308' title='bbox 16 3887 19 3904; x_wconf 37' lang='grc' dir='ltr'>Ι</span> <span class='ocrx_word' id='word_1_309' title='bbox 137 3787 246 3872; x_wconf 73' lang='lat' dir='ltr'>dori</span> <span class='ocrx_word' id='word_1_310' title='bbox 272 3785 319 3868; x_wconf 90' lang='lat' dir='ltr'><em>V</em></span> <span class='ocrx_word' id='word_1_311' title='bbox 327 3782 365 3869; x_wconf 90' lang='lat' dir='ltr'><em>C</em></span> <span class='ocrx_word' id='word_1_312' title='bbox 372 3783 413 3867; x_wconf 91' lang='lat' dir='ltr'><em>R</em></span> <span class='ocrx_word' id='word_1_313' title='bbox 437 3786 787 3896; x_wconf 83' lang='lat' dir='ltr'>proportionalem</span> <span class='ocrx_word' id='word_1_314' title='bbox 811 3791 956 3877; x_wconf 88' lang='lat' dir='ltr'>consti·</span> <span class='ocrx_word' id='word_1_315' title='bbox 986 3779 1016 3838; x_wconf 70' lang='lat' dir='ltr'>V</span> 
     </span>
    </p>
   </div>
   <div class='ocr_carea' id='block_1_4' title="bbox 15 3905 1257 4650">
    <p class='ocr_par' dir='ltr' id='par_1_11' title="bbox 15 3905 1257 4650">
     <span class='ocr_line' id='line_1_30' title="bbox 15 3905 1014 4044; baseline 0.01 -51"><span class='ocrx_word' id='word_1_316' title='bbox 15 3935 16 3942; x_wconf 47' lang='lat'>¹</span> <span class='ocrx_word' id='word_1_317' title='bbox 140 3929 256 4006; x_wconf 83' lang='lat' dir='ltr'>tuat;</span> <span class='ocrx_word' id='word_1_318' title='bbox 292 3905 433 3993; x_wconf 82' lang='lat' dir='ltr'>tendat</span> <span class='ocrx_word' id='word_1_319' title='bbox 467 3929 605 3992; x_wconf 88' lang='lat' dir='ltr'>autem</span> <span class='ocrx_word' id='word_1_320' title='bbox 633 3911 684 3995; x_wconf 83' lang='lat' dir='ltr'>ad</span> <span class='ocrx_word' id='word_1_321' title='bbox 711 3938 899 4001; x_wconf 90' lang='lat' dir='ltr'>centrum</span> <span class='ocrx_word' id='word_1_322' title='bbox 925 3917 963 4002; x_wconf 86' lang='lat' dir='ltr'><strong><em>C</em></strong></span> <span class='ocrx_word' id='word_1_323' title='bbox 986 3985 1014 4044; x_wconf 66' lang='grc' dir='ltr'>Τ</span> 
     </span>
     <span class='ocr_line' id='line_1_31' title="bbox 139 4030 955 4141; baseline 0.009 -22"><span class='ocrx_word' id='word_1_324' title='bbox 139 4036 201 4119; x_wconf 90' lang='lat' dir='ltr'>vis</span> <span class='ocrx_word' id='word_1_325' title='bbox 233 4030 462 4141; x_wconf 77' lang='lat' dir='ltr'>centripeta</span> <span class='ocrx_word' id='word_1_326' title='bbox 487 4030 597 4114; x_wconf 88' lang='lat' dir='ltr'>cubo</span> <span class='ocrx_word' id='word_1_327' title='bbox 627 4035 822 4122; x_wconf 81' lang='lat' dir='ltr'>distantiae</span> <span class='ocrx_word' id='word_1_328' title='bbox 845 4043 955 4126; x_wconf 84' lang='lat' dir='ltr'>loco·</span> 
     </span>
     <span class='ocr_line' id='line_1_32' title="bbox 16 4155 955 4273; baseline 0.015 -36"><span class='ocrx_word' id='word_1_329' title='bbox 16 4171 20 4237; x_wconf 70' lang='lat'>2</span> <span class='ocrx_word' id='word_1_330' title='bbox 139 4185 274 4246; x_wconf 83' lang='lat' dir='ltr'>ruma</span> <span class='ocrx_word' id='word_1_331' title='bbox 308 4173 454 4241; x_wconf 92' lang='lat' dir='ltr'>centro</span> <span class='ocrx_word' id='word_1_332' title='bbox 482 4155 695 4266; x_wconf 91' lang='lat' dir='ltr'>reciproce</span> <span class='ocrx_word' id='word_1_333' title='bbox 723 4164 955 4273; x_wconf 88' lang='lat' dir='ltr'>proportio·</span> 
     </span>
     <span class='ocr_line' id='line_1_33' title="bbox 16 4279 1199 4424; baseline 0.006 -56"><span class='ocrx_word' id='word_1_334' title='bbox 16 4298 18 4309; x_wconf 82' lang='lat'>&#39;</span> <span class='ocrx_word' id='word_1_335' title='bbox 142 4287 254 4385; x_wconf 84' lang='lat' dir='ltr'>nasis,</span> <span class='ocrx_word' id='word_1_336' title='bbox 294 4279 340 4366; x_wconf 78' lang='lat' dir='ltr'>dt</span> <span class='ocrx_word' id='word_1_337' title='bbox 373 4301 491 4366; x_wconf 85' lang='lat' dir='ltr'>exeat</span> <span class='ocrx_word' id='word_1_338' title='bbox 525 4307 674 4396; x_wconf 89' lang='lat' dir='ltr'>corpus</span> <span class='ocrx_word' id='word_1_339' title='bbox 709 4284 763 4371; x_wconf 88' lang='lat' dir='ltr'>de</span> <span class='ocrx_word' id='word_1_340' title='bbox 795 4289 891 4372; x_wconf 92' lang='lat' dir='ltr'>loco</span> <span class='ocrx_word' id='word_1_341' title='bbox 916 4289 1015 4402; x_wconf 66' lang='lat' dir='ltr'>VC</span> <span class='ocrx_word' id='word_1_342' title='bbox 1169 4361 1199 4424; x_wconf 67' lang='lat' dir='ltr'>P</span> 
     </span>
     <span class='ocr_line' id='line_1_34' title="bbox 16 4406 953 4518; baseline 0.015 -30"><span class='ocrx_word' id='word_1_343' title='bbox 16 4457 20 4516; x_wconf 48' lang='grc' dir='ltr'><strong><em>ς</em></strong></span> <span class='ocrx_word' id='word_1_344' title='bbox 137 4408 236 4518; x_wconf 80' lang='lat' dir='ltr'>julla</span> <span class='ocrx_word' id='word_1_345' title='bbox 255 4433 351 4494; x_wconf 92' lang='lat' dir='ltr'>cum</span> <span class='ocrx_word' id='word_1_346' title='bbox 372 4406 591 4495; x_wconf 85' lang='lat' dir='ltr'>velocitate</span> <span class='ocrx_word' id='word_1_347' title='bbox 608 4410 831 4501; x_wconf 88' lang='lat' dir='ltr'>secundum</span> <span class='ocrx_word' id='word_1_348' title='bbox 853 4418 953 4502; x_wconf 86' lang='lat' dir='ltr'>line·</span> 
     </span>
     <span class='ocr_line' id='line_1_35' title="bbox 144 4490 1257 4650; baseline 0.011 -34"><span class='ocrx_word' id='word_1_349' title='bbox 144 4557 209 4616; x_wconf 82' lang='lat' dir='ltr'>am</span> <span class='ocrx_word' id='word_1_350' title='bbox 222 4531 342 4616; x_wconf 70' lang='lat' dir='ltr'>retice</span> <span class='ocrx_word' id='word_1_351' title='bbox 356 4531 436 4618; x_wconf 89' lang='lat' dir='ltr'>CV</span> <span class='ocrx_word' id='word_1_352' title='bbox 440 4535 817 4645; x_wconf 84' lang='lat' dir='ltr'>perpendicularem</span> <span class='ocrx_word' id='word_1_353' title='bbox 834 4567 843 4622; x_wconf 92' lang='lat'>:</span> <span class='ocrx_word' id='word_1_354' title='bbox 862 4564 954 4650; x_wconf 90' lang='lat' dir='ltr'>pro·</span> <span class='ocrx_word' id='word_1_355' title='bbox 1049 4490 1173 4595; x_wconf 37' lang='grc' dir='ltr'>ΩΧ</span> <span class='ocrx_word' id='word_1_356' title='bbox 1218 4531 1257 4598; x_wconf 62' lang='lat' dir='ltr'><strong>st</strong></span> 
     </span>
    </p>
   </div>
   <div class='ocr_carea' id='block_1_5' title="bbox 16 4653 1716 4907">
    <p class='ocr_par' dir='ltr' id='par_1_12' title="bbox 16 4653 1716 4907">
     <span class='ocr_line' id='line_1_36' title="bbox 16 4653 1715 4791; baseline 0.018 -56"><span class='ocrx_word' id='word_1_357' title='bbox 16 4676 18 4682; x_wconf 90' lang='lat'>·</span> <span class='ocrx_word' id='word_1_358' title='bbox 147 4653 356 4767; x_wconf 85' lang='lat' dir='ltr'>gredietur</span> <span class='ocrx_word' id='word_1_359' title='bbox 387 4682 535 4770; x_wconf 90' lang='lat' dir='ltr'>corpus</span> <span class='ocrx_word' id='word_1_360' title='bbox 561 4660 662 4747; x_wconf 89' lang='lat' dir='ltr'>illud</span> <span class='ocrx_word' id='word_1_361' title='bbox 690 4665 732 4749; x_wconf 91' lang='lat' dir='ltr'>in</span> <span class='ocrx_word' id='word_1_362' title='bbox 755 4662 981 4774; x_wconf 75' lang='lat' dir='ltr'>trajenoria</span> <span class='ocrx_word' id='word_1_363' title='bbox 1011 4667 1059 4750; x_wconf 92' lang='lat' dir='ltr'><em>V</em></span> <span class='ocrx_word' id='word_1_364' title='bbox 1059 4670 1101 4753; x_wconf 83' lang='lat' dir='ltr'><em>P</em></span> <span class='ocrx_word' id='word_1_365' title='bbox 1109 4668 1155 4787; x_wconf 62' lang='lat' dir='ltr'><strong><em>Q</em></strong></span> <span class='ocrx_word' id='word_1_366' title='bbox 1176 4696 1300 4784; x_wconf 81' lang='lat' dir='ltr'>quam</span> <span class='ocrx_word' id='word_1_367' title='bbox 1329 4675 1526 4783; x_wconf 69' lang='lat' dir='ltr'>putenm</span> <span class='ocrx_word' id='word_1_368' title='bbox 1553 4683 1597 4766; x_wconf 84' lang='lat' dir='ltr'><em>P</em></span> <span class='ocrx_word' id='word_1_369' title='bbox 1622 4707 1715 4791; x_wconf 88' lang='lat' dir='ltr'>per-</span> 
     </span>
     <span class='ocr_line' id='line_1_37' title="bbox 18 4780 1716 4907; baseline 0.02 -48"><span class='ocrx_word' id='word_1_370' title='bbox 18 4793 20 4804; x_wconf 79' lang='grc'>’</span> <span class='ocrx_word' id='word_1_371' title='bbox 147 4799 274 4888; x_wconf 92' lang='lat' dir='ltr'>petuo</span> <span class='ocrx_word' id='word_1_372' title='bbox 294 4780 452 4890; x_wconf 82' lang='lat' dir='ltr'>tangit;</span> <span class='ocrx_word' id='word_1_373' title='bbox 479 4782 659 4898; x_wconf 92' lang='lat' dir='ltr'>ideoque</span> <span class='ocrx_word' id='word_1_374' title='bbox 680 4785 710 4871; x_wconf 89' lang='lat' dir='ltr'>sr</span> <span class='ocrx_word' id='word_1_375' title='bbox 733 4789 877 4875; x_wconf 82' lang='lat' dir='ltr'>conica</span> <span class='ocrx_word' id='word_1_376' title='bbox 896 4786 1018 4877; x_wconf 71' lang='lat' dir='ltr'>sedin</span> <span class='ocrx_word' id='word_1_377' title='bbox 1043 4793 1090 4876; x_wconf 90' lang='lat' dir='ltr'><em>V</em></span> <span class='ocrx_word' id='word_1_378' title='bbox 1089 4792 1182 4877; x_wconf 84' lang='lat' dir='ltr'>RS</span> <span class='ocrx_word' id='word_1_379' title='bbox 1208 4796 1428 4907; x_wconf 76' lang='lat' dir='ltr'>hyperbole</span> <span class='ocrx_word' id='word_1_380' title='bbox 1461 4800 1521 4898; x_wconf 88' lang='lat' dir='ltr'>fit,</span> <span class='ocrx_word' id='word_1_381' title='bbox 1550 4803 1716 4892; x_wconf 90' lang='lat' dir='ltr'>descen·</span> 
     </span>
    </p>
   </div>
   <div class='ocr_carea' id='block_1_6' title="bbox 18 4901 1721 5144">
    <p class='ocr_par' dir='ltr' id='par_1_13' title="bbox 18 4901 1721 5144">
     <span class='ocr_line' id='line_1_38' title="bbox 19 4901 1717 5136; baseline 0.017 -149"><span class='ocrx_word' id='word_1_382' title='bbox 19 4963 21 4968; x_wconf 40' lang='lat'>«</span> <span class='ocrx_word' id='word_1_383' title='bbox 148 4903 218 4990; x_wconf 89' lang='lat' dir='ltr'>det</span> <span class='ocrx_word' id='word_1_384' title='bbox 242 4901 356 4995; x_wconf 89' lang='lat' dir='ltr'>idem</span> <span class='ocrx_word' id='word_1_385' title='bbox 375 4905 429 4994; x_wconf 72' lang='lat' dir='ltr'>ad</span> <span class='ocrx_word' id='word_1_386' title='bbox 447 4929 640 5000; x_wconf 84' lang='lat' dir='ltr'>centrum</span> <span class='ocrx_word' id='word_1_387' title='bbox 659 4939 671 4997; x_wconf 91' lang='lat'>:</span> <span class='ocrx_word' id='word_1_388' title='bbox 695 4910 769 4999; x_wconf 83' lang='lat' dir='ltr'>Sin</span> <span class='ocrx_word' id='word_1_389' title='bbox 786 4938 835 5001; x_wconf 67' lang='lat' dir='ltr'>m</span> <span class='ocrx_word' id='word_1_390' title='bbox 854 4915 1001 5028; x_wconf 78' lang='lat' dir='ltr'>ellipsis</span> <span class='ocrx_word' id='word_1_391' title='bbox 1021 4916 1083 5022; x_wconf 83' lang='lat' dir='ltr'>stt,</span> <span class='ocrx_word' id='word_1_392' title='bbox 1110 4918 1298 5013; x_wconf 80' lang='lat' dir='ltr'>ascendet</span> <span class='ocrx_word' id='word_1_393' title='bbox 1325 4921 1426 5008; x_wconf 90' lang='lat' dir='ltr'>illud</span> <span class='ocrx_word' id='word_1_394' title='bbox 1447 4946 1652 5136; x_wconf 69' lang='lat' dir='ltr'>perpetup</span> <span class='ocrx_word' id='word_1_395' title='bbox 1670 4929 1717 5016; x_wconf 73' lang='grc' dir='ltr'>ὅτ</span> 
     </span>
     <span class='ocr_line' id='line_1_39' title="bbox 18 5050 1721 5144; baseline 0.028 -50"><span class='ocrx_word' id='word_1_396' title='bbox 18 5050 20 5094; x_wconf 76' lang='lat' dir='ltr'><strong><em>J</em></strong></span> <span class='ocrx_word' id='word_1_397' title='bbox 592 5097 594 5102; x_wconf 96' lang='lat'><em>.</em></span> <span class='ocrx_word' id='word_1_398' title='bbox 1594 5055 1721 5144; x_wconf 82' lang='lat' dir='ltr'>aibit</span> 
     </span>
    </p>
   </div>
   <div class='ocr_carea' id='block_1_7' title="bbox 0 0 2197 5652">
    <p class='ocr_par' dir='ltr' id='par_1_14' title="bbox 0 0 2197 5652">
     <span class='ocr_line' id='line_1_40' title="bbox 0 0 2197 5652; baseline 0 0"><span class='ocrx_word' id='word_1_399' title='bbox 0 0 2197 5652; x_wconf 95' lang='lat' dir='ltr'> </span> 
     </span>
    </p>
   </div>
  </div>
 </body>
</html>
