<?xml version="1.0" encoding="UTF-8"?>
<!DOCTYPE html PUBLIC "-//W3C//DTD XHTML 1.0 Transitional//EN"
    "http://www.w3.org/TR/xhtml1/DTD/xhtml1-transitional.dtd">
<html xmlns="http://www.w3.org/1999/xhtml" xml:lang="en" lang="en">
 <head>
  <title>
</title>
<meta http-equiv="Content-Type" content="text/html;charset=utf-8" />
  <meta name='ocr-system' content='tesseract 3.04.00' />
  <meta name='ocr-capabilities' content='ocr_page ocr_carea ocr_par ocr_line ocrx_word'/>
</head>
<body>
  <div class='ocr_page' id='page_1' title='image "./philosophinatur00cotegoog_0026.png"; bbox 0 0 4450 5674; ppageno 0'>
   <div class='ocr_carea' id='block_1_1' title="bbox 717 271 1290 374">
    <p class='ocr_par' dir='ltr' id='par_1_1' title="bbox 717 271 1290 374">
     <span class='ocr_line' id='line_1_1' title="bbox 717 271 1290 374; baseline -0.007 -2"><span class='ocrx_word' id='word_1_1' title='bbox 717 271 1290 374; x_wconf 83' lang='lat' dir='ltr'>PRAEFATIO.</span> 
     </span>
    </p>
   </div>
   <div class='ocr_carea' id='block_1_2' title="bbox 144 415 1907 5035">
    <p class='ocr_par' dir='ltr' id='par_1_2' title="bbox 201 415 1773 662">
     <span class='ocr_line' id='line_1_2' title="bbox 201 415 1773 538; baseline -0.011 -22"><span class='ocrx_word' id='word_1_2' title='bbox 201 432 328 516; x_wconf 76' lang='lat' dir='ltr'>lento</span> <span class='ocrx_word' id='word_1_3' title='bbox 358 422 456 534; x_wconf 87' lang='lat' dir='ltr'>ferri</span> <span class='ocrx_word' id='word_1_4' title='bbox 484 423 527 510; x_wconf 93' lang='lat' dir='ltr'>in</span> <span class='ocrx_word' id='word_1_5' title='bbox 554 423 859 538; x_wconf 85' lang='lat' dir='ltr'>consequentia:</span> <span class='ocrx_word' id='word_1_6' title='bbox 897 424 1132 536; x_wconf 90' lang='lat' dir='ltr'>responderi</span> <span class='ocrx_word' id='word_1_7' title='bbox 1155 421 1299 534; x_wconf 90' lang='lat' dir='ltr'>potest,</span> <span class='ocrx_word' id='word_1_8' title='bbox 1326 415 1477 503; x_wconf 82' lang='lat' dir='ltr'>etiamst</span> <span class='ocrx_word' id='word_1_9' title='bbox 1498 416 1773 502; x_wconf 81' lang='lat' dir='ltr'>concedamus</span> 
     </span>
     <span class='ocr_line' id='line_1_3' title="bbox 214 545 1772 662; baseline -0.008 -23"><span class='ocrx_word' id='word_1_10' title='bbox 214 555 324 638; x_wconf 93' lang='lat' dir='ltr'>huuc</span> <span class='ocrx_word' id='word_1_11' title='bbox 342 571 504 637; x_wconf 92' lang='lat' dir='ltr'>motum</span> <span class='ocrx_word' id='word_1_12' title='bbox 519 550 784 636; x_wconf 80' lang='lat' dir='ltr'>tardissimum</span> <span class='ocrx_word' id='word_1_13' title='bbox 807 552 957 636; x_wconf 85' lang='lat' dir='ltr'>exinde</span> <span class='ocrx_word' id='word_1_14' title='bbox 972 550 1199 662; x_wconf 72' lang='lat' dir='ltr'>professum</span> <span class='ocrx_word' id='word_1_15' title='bbox 1222 547 1300 633; x_wconf 82' lang='lat' dir='ltr'>else</span> <span class='ocrx_word' id='word_1_16' title='bbox 1323 547 1437 660; x_wconf 93' lang='lat' dir='ltr'>quod</span> <span class='ocrx_word' id='word_1_17' title='bbox 1457 546 1514 628; x_wconf 88' lang='lat' dir='ltr'>vis</span> <span class='ocrx_word' id='word_1_18' title='bbox 1534 545 1772 653; x_wconf 86' lang='lat' dir='ltr'>centripetae</span> 
     </span>
    </p>

    <p class='ocr_par' dir='ltr' id='par_1_3' title="bbox 144 671 1777 2036">
     <span class='ocr_line' id='line_1_4' title="bbox 144 671 1772 788; baseline -0.006 -27"><span class='ocrx_word' id='word_1_19' title='bbox 144 783 145 786; x_wconf 5' lang='lat' dir='ltr'>p</span> <span class='ocrx_word' id='word_1_20' title='bbox 214 679 432 787; x_wconf 90' lang='lat' dir='ltr'>proportio</span> <span class='ocrx_word' id='word_1_21' title='bbox 442 677 857 788; x_wconf 86' lang='lat' dir='ltr'>aberretaliquantum</span> <span class='ocrx_word' id='word_1_22' title='bbox 873 705 894 760; x_wconf 92' lang='lat' dir='ltr'>a</span> <span class='ocrx_word' id='word_1_23' title='bbox 909 675 1126 786; x_wconf 87' lang='lat' dir='ltr'>duplicata,</span> <span class='ocrx_word' id='word_1_24' title='bbox 1139 675 1436 758; x_wconf 85' lang='lat' dir='ltr'>aberrationem</span> <span class='ocrx_word' id='word_1_25' title='bbox 1449 671 1556 754; x_wconf 92' lang='lat' dir='ltr'>illam</span> <span class='ocrx_word' id='word_1_26' title='bbox 1570 693 1642 779; x_wconf 91' lang='lat' dir='ltr'>per</span> <span class='ocrx_word' id='word_1_27' title='bbox 1658 691 1772 752; x_wconf 90' lang='lat' dir='ltr'>com·</span> 
     </span>
     <span class='ocr_line' id='line_1_5' title="bbox 214 792 1774 916; baseline -0.006 -28"><span class='ocrx_word' id='word_1_28' title='bbox 214 825 362 916; x_wconf 91' lang='lat' dir='ltr'>putum</span> <span class='ocrx_word' id='word_1_29' title='bbox 383 803 715 888; x_wconf 86' lang='lat' dir='ltr'>mathematicum</span> <span class='ocrx_word' id='word_1_30' title='bbox 743 803 915 886; x_wconf 90' lang='lat' dir='ltr'>inveniri</span> <span class='ocrx_word' id='word_1_31' title='bbox 946 799 1055 912; x_wconf 87' lang='lat' dir='ltr'>posse</span> <span class='ocrx_word' id='word_1_32' title='bbox 1075 803 1251 911; x_wconf 82' lang='lat' dir='ltr'>&amp;plane</span> <span class='ocrx_word' id='word_1_33' title='bbox 1271 797 1536 883; x_wconf 79' lang='lat' dir='ltr'>insensibilem</span> <span class='ocrx_word' id='word_1_34' title='bbox 1560 792 1650 878; x_wconf 88' lang='lat' dir='ltr'>else.</span> <span class='ocrx_word' id='word_1_35' title='bbox 1689 793 1774 904; x_wconf 93' lang='lat' dir='ltr'>lpsa</span> 
     </span>
     <span class='ocr_line' id='line_1_6' title="bbox 215 917 1774 1038; baseline -0.008 -24"><span class='ocrx_word' id='word_1_36' title='bbox 215 931 328 1014; x_wconf 88' lang='lat' dir='ltr'>enim</span> <span class='ocrx_word' id='word_1_37' title='bbox 347 929 450 1012; x_wconf 87' lang='lat' dir='ltr'>ratio</span> <span class='ocrx_word' id='word_1_38' title='bbox 473 929 532 1013; x_wconf 90' lang='lat' dir='ltr'>vis</span> <span class='ocrx_word' id='word_1_39' title='bbox 551 930 789 1038; x_wconf 85' lang='lat' dir='ltr'>centripetae</span> <span class='ocrx_word' id='word_1_40' title='bbox 810 927 980 1022; x_wconf 89' lang='lat' dir='ltr'>lunaris,</span> <span class='ocrx_word' id='word_1_41' title='bbox 1015 952 1109 1038; x_wconf 88' lang='lat' dir='ltr'>quae</span> <span class='ocrx_word' id='word_1_42' title='bbox 1128 928 1312 1010; x_wconf 90' lang='lat' dir='ltr'>omnium</span> <span class='ocrx_word' id='word_1_43' title='bbox 1336 922 1512 1007; x_wconf 82' lang='lat' dir='ltr'>maxime</span> <span class='ocrx_word' id='word_1_44' title='bbox 1527 917 1680 1005; x_wconf 87' lang='lat' dir='ltr'>turbari</span> <span class='ocrx_word' id='word_1_45' title='bbox 1700 919 1774 1002; x_wconf 90' lang='lat' dir='ltr'>de·</span> 
     </span>
     <span class='ocr_line' id='line_1_7' title="bbox 215 1043 1773 1164; baseline -0.006 -26"><span class='ocrx_word' id='word_1_46' title='bbox 215 1053 313 1157; x_wconf 84' lang='lat' dir='ltr'>bet,</span> <span class='ocrx_word' id='word_1_47' title='bbox 329 1055 535 1163; x_wconf 85' lang='lat' dir='ltr'>paululum</span> <span class='ocrx_word' id='word_1_48' title='bbox 552 1052 723 1164; x_wconf 89' lang='lat' dir='ltr'>quidem</span> <span class='ocrx_word' id='word_1_49' title='bbox 737 1051 984 1162; x_wconf 90' lang='lat' dir='ltr'>duplicatam</span> <span class='ocrx_word' id='word_1_50' title='bbox 1003 1052 1229 1164; x_wconf 88' lang='lat' dir='ltr'>superabit;</span> <span class='ocrx_word' id='word_1_51' title='bbox 1258 1051 1309 1134; x_wconf 94' lang='lat' dir='ltr'>ad</span> <span class='ocrx_word' id='word_1_52' title='bbox 1334 1049 1437 1133; x_wconf 91' lang='lat' dir='ltr'>hanc</span> <span class='ocrx_word' id='word_1_53' title='bbox 1450 1070 1550 1129; x_wconf 84' lang='lat' dir='ltr'>vero</span> <span class='ocrx_word' id='word_1_54' title='bbox 1570 1043 1773 1152; x_wconf 78' lang='lat' dir='ltr'>sexaginta</span> 
     </span>
     <span class='ocr_line' id='line_1_8' title="bbox 210 1168 1775 1290; baseline -0.01 -26"><span class='ocrx_word' id='word_1_55' title='bbox 210 1179 304 1264; x_wconf 77' lang='lat' dir='ltr'>sere</span> <span class='ocrx_word' id='word_1_56' title='bbox 333 1177 490 1262; x_wconf 89' lang='lat' dir='ltr'>vicibus</span> <span class='ocrx_word' id='word_1_57' title='bbox 508 1179 675 1288; x_wconf 92' lang='lat' dir='ltr'>propius</span> <span class='ocrx_word' id='word_1_58' title='bbox 699 1176 869 1262; x_wconf 89' lang='lat' dir='ltr'>accedet</span> <span class='ocrx_word' id='word_1_59' title='bbox 890 1202 1014 1290; x_wconf 88' lang='lat' dir='ltr'>quarn</span> <span class='ocrx_word' id='word_1_60' title='bbox 1036 1175 1087 1260; x_wconf 90' lang='lat' dir='ltr'>ad</span> <span class='ocrx_word' id='word_1_61' title='bbox 1119 1175 1371 1284; x_wconf 86' lang='lat' dir='ltr'>triplicatam.</span> <span class='ocrx_word' id='word_1_62' title='bbox 1428 1171 1510 1257; x_wconf 90' lang='lat' dir='ltr'>Sed</span> <span class='ocrx_word' id='word_1_63' title='bbox 1538 1171 1673 1254; x_wconf 90' lang='lat' dir='ltr'>verior</span> <span class='ocrx_word' id='word_1_64' title='bbox 1695 1168 1775 1253; x_wconf 87' lang='lat' dir='ltr'>erit</span> 
     </span>
     <span class='ocr_line' id='line_1_9' title="bbox 209 1293 1774 1413; baseline -0.007 -26"><span class='ocrx_word' id='word_1_65' title='bbox 209 1301 435 1413; x_wconf 81' lang='lat' dir='ltr'>responsio,</span> <span class='ocrx_word' id='word_1_66' title='bbox 462 1302 686 1386; x_wconf 89' lang='lat' dir='ltr'>srdicamus</span> <span class='ocrx_word' id='word_1_67' title='bbox 708 1304 810 1386; x_wconf 87' lang='lat' dir='ltr'>hanc</span> <span class='ocrx_word' id='word_1_68' title='bbox 829 1300 1010 1413; x_wconf 84' lang='lat' dir='ltr'>apsrdum</span> <span class='ocrx_word' id='word_1_69' title='bbox 1030 1299 1375 1411; x_wconf 79' lang='lat' dir='ltr'>progressionem,</span> <span class='ocrx_word' id='word_1_70' title='bbox 1403 1324 1487 1382; x_wconf 91' lang='lat' dir='ltr'>non</span> <span class='ocrx_word' id='word_1_71' title='bbox 1508 1318 1561 1379; x_wconf 85' lang='lat' dir='ltr'>ex</span> <span class='ocrx_word' id='word_1_72' title='bbox 1586 1293 1774 1379; x_wconf 88' lang='lat' dir='ltr'>aberrati·</span> 
     </span>
     <span class='ocr_line' id='line_1_10' title="bbox 215 1421 1774 1546; baseline -0.003 -36"><span class='ocrx_word' id='word_1_73' title='bbox 215 1453 297 1512; x_wconf 91' lang='lat' dir='ltr'>one</span> <span class='ocrx_word' id='word_1_74' title='bbox 318 1454 339 1511; x_wconf 93' lang='lat' dir='ltr'>a</span> <span class='ocrx_word' id='word_1_75' title='bbox 366 1427 568 1536; x_wconf 85' lang='lat' dir='ltr'>duplicata</span> <span class='ocrx_word' id='word_1_76' title='bbox 587 1429 870 1546; x_wconf 84' lang='lat' dir='ltr'>proportione,</span> <span class='ocrx_word' id='word_1_77' title='bbox 898 1426 968 1510; x_wconf 91' lang='lat' dir='ltr'>sed</span> <span class='ocrx_word' id='word_1_78' title='bbox 989 1427 1132 1511; x_wconf 85' lang='lat' dir='ltr'>exalia</span> <span class='ocrx_word' id='word_1_79' title='bbox 1152 1425 1312 1534; x_wconf 91' lang='lat' dir='ltr'>prorsus</span> <span class='ocrx_word' id='word_1_80' title='bbox 1344 1422 1500 1507; x_wconf 90' lang='lat' dir='ltr'>diversa</span> <span class='ocrx_word' id='word_1_81' title='bbox 1529 1422 1643 1505; x_wconf 87' lang='lat' dir='ltr'>causa</span> <span class='ocrx_word' id='word_1_82' title='bbox 1662 1421 1774 1514; x_wconf 86' lang='lat' dir='ltr'>oriri,</span> 
     </span>
     <span class='ocr_line' id='line_1_11' title="bbox 208 1547 1777 1665; baseline -0.002 -30"><span class='ocrx_word' id='word_1_83' title='bbox 208 1552 562 1665; x_wconf 79' lang='lat' dir='ltr'>quemadmodum</span> <span class='ocrx_word' id='word_1_84' title='bbox 593 1553 756 1664; x_wconf 83' lang='lat' dir='ltr'>egregie</span> <span class='ocrx_word' id='word_1_85' title='bbox 783 1552 1125 1636; x_wconf 80' lang='lat' dir='ltr'>commonstretur</span> <span class='ocrx_word' id='word_1_86' title='bbox 1154 1553 1197 1636; x_wconf 91' lang='lat' dir='ltr'>in</span> <span class='ocrx_word' id='word_1_87' title='bbox 1227 1553 1301 1633; x_wconf 89' lang='lat' dir='ltr'>hac</span> <span class='ocrx_word' id='word_1_88' title='bbox 1329 1547 1592 1660; x_wconf 90' lang='lat' dir='ltr'>philosophia.</span> <span class='ocrx_word' id='word_1_89' title='bbox 1635 1547 1777 1632; x_wconf 84' lang='lat' dir='ltr'>Restat</span> 
     </span>
     <span class='ocr_line' id='line_1_12' title="bbox 215 1669 1776 1788; baseline -0.001 -30"><span class='ocrx_word' id='word_1_90' title='bbox 215 1699 318 1784; x_wconf 88' lang='lat' dir='ltr'>ergo</span> <span class='ocrx_word' id='word_1_91' title='bbox 337 1695 381 1759; x_wconf 93' lang='lat' dir='ltr'>ut</span> <span class='ocrx_word' id='word_1_92' title='bbox 401 1676 505 1758; x_wconf 87' lang='lat' dir='ltr'>vires</span> <span class='ocrx_word' id='word_1_93' title='bbox 524 1677 775 1786; x_wconf 86' lang='lat' dir='ltr'>centripetae‚</span> <span class='ocrx_word' id='word_1_94' title='bbox 802 1678 947 1788; x_wconf 93' lang='lat' dir='ltr'>quibus</span> <span class='ocrx_word' id='word_1_95' title='bbox 967 1677 1138 1786; x_wconf 86' lang='lat' dir='ltr'>planetae</span> <span class='ocrx_word' id='word_1_96' title='bbox 1151 1675 1329 1787; x_wconf 88' lang='lat' dir='ltr'>primarii</span> <span class='ocrx_word' id='word_1_97' title='bbox 1351 1669 1526 1756; x_wconf 90' lang='lat' dir='ltr'>tendunt</span> <span class='ocrx_word' id='word_1_98' title='bbox 1551 1671 1687 1755; x_wconf 89' lang='lat' dir='ltr'>versus</span> <span class='ocrx_word' id='word_1_99' title='bbox 1713 1671 1776 1757; x_wconf 93' lang='lat' dir='ltr'>so·</span> 
     </span>
     <span class='ocr_line' id='line_1_13' title="bbox 215 1796 1777 1914; baseline -0.004 -28"><span class='ocrx_word' id='word_1_100' title='bbox 215 1804 297 1886; x_wconf 85' lang='lat' dir='ltr'>lem</span> <span class='ocrx_word' id='word_1_101' title='bbox 318 1798 604 1886; x_wconf 87' lang='lat' dir='ltr'>&amp;secundarii</span> <span class='ocrx_word' id='word_1_102' title='bbox 623 1801 756 1884; x_wconf 90' lang='lat' dir='ltr'>versus</span> <span class='ocrx_word' id='word_1_103' title='bbox 774 1800 987 1914; x_wconf 87' lang='lat' dir='ltr'>primarios</span> <span class='ocrx_word' id='word_1_104' title='bbox 1007 1800 1111 1896; x_wconf 90' lang='lat' dir='ltr'>suos,</span> <span class='ocrx_word' id='word_1_105' title='bbox 1138 1801 1214 1887; x_wconf 91' lang='lat' dir='ltr'>srnt</span> <span class='ocrx_word' id='word_1_106' title='bbox 1231 1819 1419 1886; x_wconf 87' lang='lat' dir='ltr'>accurate</span> <span class='ocrx_word' id='word_1_107' title='bbox 1438 1818 1483 1884; x_wconf 91' lang='lat' dir='ltr'>ut</span> <span class='ocrx_word' id='word_1_108' title='bbox 1498 1797 1692 1909; x_wconf 88' lang='lat' dir='ltr'>quadrata</span> <span class='ocrx_word' id='word_1_109' title='bbox 1715 1796 1777 1888; x_wconf 91' lang='lat' dir='ltr'>di·</span> 
     </span>
     <span class='ocr_line' id='line_1_14' title="bbox 215 1925 691 2036; baseline 0.002 -27"><span class='ocrx_word' id='word_1_110' title='bbox 215 1925 448 2012; x_wconf 83' lang='lat' dir='ltr'>slantiarum</span> <span class='ocrx_word' id='word_1_111' title='bbox 468 1929 691 2036; x_wconf 87' lang='lat' dir='ltr'>reciproce.</span> 
     </span>
    </p>

    <p class='ocr_par' dir='ltr' id='par_1_4' title="bbox 216 2047 1785 3408">
     <span class='ocr_line' id='line_1_15' title="bbox 270 2047 1779 2164; baseline 0.002 -30"><span class='ocrx_word' id='word_1_112' title='bbox 270 2047 342 2136; x_wconf 89' lang='lat' dir='ltr'>-Ex</span> <span class='ocrx_word' id='word_1_113' title='bbox 364 2052 411 2134; x_wconf 89' lang='lat' dir='ltr'>iis</span> <span class='ocrx_word' id='word_1_114' title='bbox 431 2077 524 2164; x_wconf 85' lang='lat' dir='ltr'>quae</span> <span class='ocrx_word' id='word_1_115' title='bbox 551 2053 738 2135; x_wconf 72' lang='lat' dir='ltr'>hedenus</span> <span class='ocrx_word' id='word_1_116' title='bbox 757 2051 866 2136; x_wconf 71' lang='lat' dir='ltr'>dida</span> <span class='ocrx_word' id='word_1_117' title='bbox 883 2050 990 2151; x_wconf 86' lang='lat' dir='ltr'>sunt,</span> <span class='ocrx_word' id='word_1_118' title='bbox 1020 2050 1179 2140; x_wconf 81' lang='lat' dir='ltr'>constat</span> <span class='ocrx_word' id='word_1_119' title='bbox 1198 2054 1375 2163; x_wconf 87' lang='lat' dir='ltr'>planetas</span> <span class='ocrx_word' id='word_1_120' title='bbox 1387 2052 1439 2158; x_wconf 85' lang='lat' dir='ltr'>in</span> <span class='ocrx_word' id='word_1_121' title='bbox 1457 2048 1600 2135; x_wconf 90' lang='lat' dir='ltr'>orbitis</span> <span class='ocrx_word' id='word_1_122' title='bbox 1618 2051 1696 2136; x_wconf 89' lang='lat' dir='ltr'>suis</span> <span class='ocrx_word' id='word_1_123' title='bbox 1716 2077 1779 2137; x_wconf 90' lang='lat' dir='ltr'>re·</span> 
     </span>
     <span class='ocr_line' id='line_1_16' title="bbox 216 2176 1781 2289; baseline 0.001 -31"><span class='ocrx_word' id='word_1_124' title='bbox 216 2176 340 2260; x_wconf 87' lang='lat' dir='ltr'>tineri</span> <span class='ocrx_word' id='word_1_125' title='bbox 359 2203 431 2287; x_wconf 89' lang='lat' dir='ltr'>per</span> <span class='ocrx_word' id='word_1_126' title='bbox 452 2179 535 2260; x_wconf 89' lang='lat' dir='ltr'>vim</span> <span class='ocrx_word' id='word_1_127' title='bbox 553 2179 725 2287; x_wconf 88' lang='lat' dir='ltr'>aliquam</span> <span class='ocrx_word' id='word_1_128' title='bbox 743 2178 786 2262; x_wconf 93' lang='lat' dir='ltr'>in</span> <span class='ocrx_word' id='word_1_129' title='bbox 806 2179 912 2288; x_wconf 88' lang='lat' dir='ltr'>ipsos</span> <span class='ocrx_word' id='word_1_130' title='bbox 930 2205 1133 2289; x_wconf 86' lang='lat' dir='ltr'>perpetuo</span> <span class='ocrx_word' id='word_1_131' title='bbox 1153 2203 1362 2287; x_wconf 88' lang='lat' dir='ltr'>agentem:</span> <span class='ocrx_word' id='word_1_132' title='bbox 1392 2180 1546 2264; x_wconf 89' lang='lat' dir='ltr'>constat</span> <span class='ocrx_word' id='word_1_133' title='bbox 1569 2180 1652 2262; x_wconf 82' lang='lat' dir='ltr'>uim</span> <span class='ocrx_word' id='word_1_134' title='bbox 1671 2179 1781 2262; x_wconf 88' lang='lat' dir='ltr'>illam</span> 
     </span>
     <span class='ocr_line' id='line_1_17' title="bbox 216 2301 1781 2413; baseline 0.001 -27"><span class='ocrx_word' id='word_1_135' title='bbox 216 2301 340 2411; x_wconf 89' lang='lat' dir='ltr'>dirigi</span> <span class='ocrx_word' id='word_1_136' title='bbox 359 2304 515 2410; x_wconf 86' lang='lat' dir='ltr'>semper</span> <span class='ocrx_word' id='word_1_137' title='bbox 543 2306 677 2386; x_wconf 90' lang='lat' dir='ltr'>versus</span> <span class='ocrx_word' id='word_1_138' title='bbox 697 2303 921 2388; x_wconf 88' lang='lat' dir='ltr'>orbitarum</span> <span class='ocrx_word' id='word_1_139' title='bbox 954 2324 1113 2389; x_wconf 88' lang='lat' dir='ltr'>centra:</span> <span class='ocrx_word' id='word_1_140' title='bbox 1142 2305 1296 2388; x_wconf 86' lang='lat' dir='ltr'>const-at</span> <span class='ocrx_word' id='word_1_141' title='bbox 1322 2304 1438 2413; x_wconf 91' lang='lat' dir='ltr'>hujus</span> <span class='ocrx_word' id='word_1_142' title='bbox 1459 2302 1687 2390; x_wconf 87' lang='lat' dir='ltr'>efficaciam</span> <span class='ocrx_word' id='word_1_143' title='bbox 1710 2331 1781 2388; x_wconf 91' lang='lat' dir='ltr'>au-</span> 
     </span>
     <span class='ocr_line' id='line_1_18' title="bbox 219 2427 1782 2540; baseline 0 -30"><span class='ocrx_word' id='word_1_144' title='bbox 219 2430 307 2536; x_wconf 82' lang='lat' dir='ltr'>geri</span> <span class='ocrx_word' id='word_1_145' title='bbox 321 2429 362 2512; x_wconf 91' lang='lat' dir='ltr'>in</span> <span class='ocrx_word' id='word_1_146' title='bbox 387 2427 545 2512; x_wconf 89' lang='lat' dir='ltr'>accessu</span> <span class='ocrx_word' id='word_1_147' title='bbox 565 2430 615 2511; x_wconf 90' lang='lat' dir='ltr'>ad</span> <span class='ocrx_word' id='word_1_148' title='bbox 632 2451 835 2524; x_wconf 88' lang='lat' dir='ltr'>centrum,</span> <span class='ocrx_word' id='word_1_149' title='bbox 865 2428 1038 2514; x_wconf 90' lang='lat' dir='ltr'>diminui</span> <span class='ocrx_word' id='word_1_150' title='bbox 1065 2431 1109 2516; x_wconf 92' lang='lat' dir='ltr'>in</span> <span class='ocrx_word' id='word_1_151' title='bbox 1127 2427 1281 2514; x_wconf 82' lang='lat' dir='ltr'>recessu</span> <span class='ocrx_word' id='word_1_152' title='bbox 1302 2431 1351 2514; x_wconf 93' lang='lat' dir='ltr'>ab</span> <span class='ocrx_word' id='word_1_153' title='bbox 1377 2431 1546 2515; x_wconf 87' lang='lat' dir='ltr'>eodem:</span> <span class='ocrx_word' id='word_1_154' title='bbox 1578 2427 1782 2540; x_wconf 86' lang='lat' dir='ltr'>&amp;augeri</span> 
     </span>
     <span class='ocr_line' id='line_1_19' title="bbox 219 2555 1783 2669; baseline -0.001 -31"><span class='ocrx_word' id='word_1_155' title='bbox 219 2556 388 2668; x_wconf 92' lang='lat' dir='ltr'>quidem</span> <span class='ocrx_word' id='word_1_156' title='bbox 413 2557 453 2638; x_wconf 93' lang='lat' dir='ltr'>in</span> <span class='ocrx_word' id='word_1_157' title='bbox 479 2555 626 2639; x_wconf 87' lang='lat' dir='ltr'>eadem</span> <span class='ocrx_word' id='word_1_158' title='bbox 651 2556 919 2666; x_wconf 86' lang='lat' dir='ltr'>proportione</span> <span class='ocrx_word' id='word_1_159' title='bbox 942 2581 1022 2668; x_wconf 92' lang='lat' dir='ltr'>qua</span> <span class='ocrx_word' id='word_1_160' title='bbox 1050 2555 1290 2641; x_wconf 91' lang='lat' dir='ltr'>diminuitur</span> <span class='ocrx_word' id='word_1_161' title='bbox 1303 2555 1551 2669; x_wconf 89' lang='lat' dir='ltr'>quadratum</span> <span class='ocrx_word' id='word_1_162' title='bbox 1569 2557 1783 2648; x_wconf 85' lang='lat' dir='ltr'>distantiae,</span> 
     </span>
     <span class='ocr_line' id='line_1_20' title="bbox 220 2679 1777 2793; baseline 0.001 -32"><span class='ocrx_word' id='word_1_163' title='bbox 220 2679 394 2762; x_wconf 90' lang='lat' dir='ltr'>diminui</span> <span class='ocrx_word' id='word_1_164' title='bbox 426 2680 467 2762; x_wconf 93' lang='lat' dir='ltr'>in</span> <span class='ocrx_word' id='word_1_165' title='bbox 500 2679 645 2762; x_wconf 82' lang='lat' dir='ltr'>eadent</span> <span class='ocrx_word' id='word_1_166' title='bbox 677 2679 948 2789; x_wconf 88' lang='lat' dir='ltr'>proportione</span> <span class='ocrx_word' id='word_1_167' title='bbox 982 2707 1062 2791; x_wconf 89' lang='lat' dir='ltr'>qua</span> <span class='ocrx_word' id='word_1_168' title='bbox 1094 2682 1293 2766; x_wconf 83' lang='lat' dir='ltr'>dist-antiae</span> <span class='ocrx_word' id='word_1_169' title='bbox 1327 2682 1573 2793; x_wconf 87' lang='lat' dir='ltr'>quadratum</span> <span class='ocrx_word' id='word_1_170' title='bbox 1592 2701 1777 2790; x_wconf 89' lang='lat' dir='ltr'>augetur.</span> 
     </span>
     <span class='ocr_line' id='line_1_21' title="bbox 217 2801 1785 2914; baseline 0.002 -27"><span class='ocrx_word' id='word_1_171' title='bbox 217 2801 445 2888; x_wconf 79' lang='lat' dir='ltr'>Videamus</span> <span class='ocrx_word' id='word_1_172' title='bbox 465 2802 560 2910; x_wconf 83' lang='lat' dir='ltr'>jam,</span> <span class='ocrx_word' id='word_1_173' title='bbox 590 2806 898 2912; x_wconf 87' lang='lat' dir='ltr'>comparatione</span> <span class='ocrx_word' id='word_1_174' title='bbox 917 2804 1095 2890; x_wconf 84' lang='lat' dir='ltr'>instituta</span> <span class='ocrx_word' id='word_1_175' title='bbox 1112 2807 1219 2891; x_wconf 89' lang='lat' dir='ltr'>iuter</span> <span class='ocrx_word' id='word_1_176' title='bbox 1238 2807 1488 2914; x_wconf 87' lang='lat' dir='ltr'>planetarum</span> <span class='ocrx_word' id='word_1_177' title='bbox 1510 2805 1614 2890; x_wconf 89' lang='lat' dir='ltr'>vires</span> <span class='ocrx_word' id='word_1_178' title='bbox 1634 2807 1785 2890; x_wconf 91' lang='lat' dir='ltr'>centri·</span> 
     </span>
     <span class='ocr_line' id='line_1_22' title="bbox 216 2928 1784 3042; baseline 0.001 -29"><span class='ocrx_word' id='word_1_179' title='bbox 216 2951 331 3042; x_wconf 89' lang='lat' dir='ltr'>peras</span> <span class='ocrx_word' id='word_1_180' title='bbox 351 2929 394 3012; x_wconf 83' lang='lat' dir='ltr'>dt</span> <span class='ocrx_word' id='word_1_181' title='bbox 422 2930 504 3012; x_wconf 91' lang='lat' dir='ltr'>vim</span> <span class='ocrx_word' id='word_1_182' title='bbox 520 2931 742 3037; x_wconf 88' lang='lat' dir='ltr'>gravitatis,</span> <span class='ocrx_word' id='word_1_183' title='bbox 770 2932 912 3013; x_wconf 90' lang='lat' dir='ltr'>annon</span> <span class='ocrx_word' id='word_1_184' title='bbox 927 2928 1106 3036; x_wconf 89' lang='lat' dir='ltr'>ejusdem</span> <span class='ocrx_word' id='word_1_185' title='bbox 1130 2933 1239 3014; x_wconf 88' lang='lat' dir='ltr'>sorte</span> <span class='ocrx_word' id='word_1_186' title='bbox 1259 2930 1334 3016; x_wconf 88' lang='lat' dir='ltr'>srnt</span> <span class='ocrx_word' id='word_1_187' title='bbox 1360 2931 1531 3039; x_wconf 87' lang='lat' dir='ltr'>generis.</span> <span class='ocrx_word' id='word_1_188' title='bbox 1589 2929 1784 3039; x_wconf 83' lang='lat' dir='ltr'>Ejusdem</span> 
     </span>
     <span class='ocr_line' id='line_1_23' title="bbox 217 3053 1785 3164; baseline 0 -26"><span class='ocrx_word' id='word_1_189' title='bbox 217 3081 319 3138; x_wconf 84' lang='lat' dir='ltr'>uero</span> <span class='ocrx_word' id='word_1_190' title='bbox 334 3055 492 3161; x_wconf 86' lang='lat' dir='ltr'>generis</span> <span class='ocrx_word' id='word_1_191' title='bbox 512 3073 644 3151; x_wconf 90' lang='lat' dir='ltr'>erunt,</span> <span class='ocrx_word' id='word_1_192' title='bbox 672 3053 701 3138; x_wconf 88' lang='lat' dir='ltr'><strong>fi</strong></span> <span class='ocrx_word' id='word_1_193' title='bbox 724 3053 1082 3164; x_wconf 83' lang='lat' dir='ltr'>deprehendantur</span> <span class='ocrx_word' id='word_1_194' title='bbox 1096 3057 1191 3141; x_wconf 91' lang='lat' dir='ltr'>hinc</span> <span class='ocrx_word' id='word_1_195' title='bbox 1206 3055 1253 3139; x_wconf 75' lang='grc' dir='ltr'>δε</span> <span class='ocrx_word' id='word_1_196' title='bbox 1269 3053 1367 3140; x_wconf 88' lang='lat' dir='ltr'>inde</span> <span class='ocrx_word' id='word_1_197' title='bbox 1389 3056 1683 3163; x_wconf 84' lang='lat' dir='ltr'>legeseaedem,</span> <span class='ocrx_word' id='word_1_198' title='bbox 1706 3079 1785 3139; x_wconf 85' lang='lat' dir='ltr'>eae·</span> 
     </span>
     <span class='ocr_line' id='line_1_24' title="bbox 219 3173 1784 3291; baseline 0.001 -29"><span class='ocrx_word' id='word_1_199' title='bbox 219 3177 398 3289; x_wconf 87' lang='lat' dir='ltr'>demque</span> <span class='ocrx_word' id='word_1_200' title='bbox 413 3173 656 3260; x_wconf 65' lang='lat' dir='ltr'>affectiones.</span> <span class='ocrx_word' id='word_1_201' title='bbox 712 3175 854 3262; x_wconf 93' lang='lat' dir='ltr'>Primo</span> <span class='ocrx_word' id='word_1_202' title='bbox 867 3180 1005 3290; x_wconf 89' lang='lat' dir='ltr'>itaque</span> <span class='ocrx_word' id='word_1_203' title='bbox 1022 3179 1141 3278; x_wconf 86' lang='lat' dir='ltr'>lunae,</span> <span class='ocrx_word' id='word_1_204' title='bbox 1167 3179 1388 3291; x_wconf 85' lang='lat' dir='ltr'>quaenobis</span> <span class='ocrx_word' id='word_1_205' title='bbox 1401 3182 1587 3290; x_wconf 87' lang='lat' dir='ltr'>proxima</span> <span class='ocrx_word' id='word_1_206' title='bbox 1605 3179 1678 3280; x_wconf 87' lang='lat' dir='ltr'>est,</span> <span class='ocrx_word' id='word_1_207' title='bbox 1697 3179 1784 3265; x_wconf 88' lang='lat' dir='ltr'>vim</span> 
     </span>
     <span class='ocr_line' id='line_1_25' title="bbox 220 3299 804 3408; baseline -0.007 -22"><span class='ocrx_word' id='word_1_208' title='bbox 220 3302 489 3408; x_wconf 89' lang='lat' dir='ltr'>centripetam</span> <span class='ocrx_word' id='word_1_209' title='bbox 511 3299 804 3408; x_wconf 86' lang='lat' dir='ltr'>expendamus.</span> 
     </span>
    </p>

    <p class='ocr_par' dir='ltr' id='par_1_5' title="bbox 221 3419 1907 4920">
     <span class='ocr_line' id='line_1_26' title="bbox 276 3419 1785 3540; baseline 0.005 -34"><span class='ocrx_word' id='word_1_210' title='bbox 276 3423 412 3534; x_wconf 88' lang='lat' dir='ltr'>Spatia</span> <span class='ocrx_word' id='word_1_211' title='bbox 439 3419 658 3518; x_wconf 72' lang='lat' dir='ltr'>reslilinea</span> <span class='ocrx_word' id='word_1_212' title='bbox 685 3447 778 3535; x_wconf 85' lang='lat' dir='ltr'>quae</span> <span class='ocrx_word' id='word_1_213' title='bbox 797 3450 820 3510; x_wconf 92' lang='lat' dir='ltr'>a</span> <span class='ocrx_word' id='word_1_214' title='bbox 839 3426 1081 3533; x_wconf 89' lang='lat' dir='ltr'>corporibus</span> <span class='ocrx_word' id='word_1_215' title='bbox 1107 3425 1286 3537; x_wconf 88' lang='lat' dir='ltr'>equiete</span> <span class='ocrx_word' id='word_1_216' title='bbox 1305 3425 1485 3510; x_wconf 85' lang='lat' dir='ltr'>derniffis</span> <span class='ocrx_word' id='word_1_217' title='bbox 1502 3425 1604 3510; x_wconf 87' lang='lat' dir='ltr'>dato</span> <span class='ocrx_word' id='word_1_218' title='bbox 1626 3443 1785 3540; x_wconf 87' lang='lat' dir='ltr'>tempo·</span> 
     </span>
     <span class='ocr_line' id='line_1_27' title="bbox 221 3546 1784 3666; baseline 0.001 -29"><span class='ocrx_word' id='word_1_219' title='bbox 221 3579 267 3637; x_wconf 84' lang='lat' dir='ltr'>re</span> <span class='ocrx_word' id='word_1_220' title='bbox 296 3551 367 3635; x_wconf 92' lang='lat' dir='ltr'>sub</span> <span class='ocrx_word' id='word_1_221' title='bbox 394 3549 480 3658; x_wconf 86' lang='lat' dir='ltr'>ipso</span> <span class='ocrx_word' id='word_1_222' title='bbox 512 3567 648 3631; x_wconf 89' lang='lat' dir='ltr'>motus</span> <span class='ocrx_word' id='word_1_223' title='bbox 672 3546 792 3631; x_wconf 93' lang='lat' dir='ltr'>initio</span> <span class='ocrx_word' id='word_1_224' title='bbox 825 3546 1131 3648; x_wconf 90' lang='lat' dir='ltr'>describuntur,</span> <span class='ocrx_word' id='word_1_225' title='bbox 1166 3549 1237 3634; x_wconf 91' lang='lat' dir='ltr'>ubi</span> <span class='ocrx_word' id='word_1_226' title='bbox 1256 3576 1279 3632; x_wconf 81' lang='lat' dir='ltr'>a</span> <span class='ocrx_word' id='word_1_227' title='bbox 1298 3549 1448 3635; x_wconf 88' lang='lat' dir='ltr'>viribus</span> <span class='ocrx_word' id='word_1_228' title='bbox 1476 3552 1784 3666; x_wconf 90' lang='lat' dir='ltr'>quibuscunque</span> 
     </span>
     <span class='ocr_line' id='line_1_28' title="bbox 221 3671 1786 3790; baseline 0 -26"><span class='ocrx_word' id='word_1_229' title='bbox 221 3696 432 3789; x_wconf 90' lang='lat' dir='ltr'>urgentur,</span> <span class='ocrx_word' id='word_1_230' title='bbox 469 3673 788 3785; x_wconf 90' lang='lat' dir='ltr'>proportionalia</span> <span class='ocrx_word' id='word_1_231' title='bbox 809 3671 900 3758; x_wconf 90' lang='lat' dir='ltr'>sunt</span> <span class='ocrx_word' id='word_1_232' title='bbox 927 3674 1016 3786; x_wconf 89' lang='lat' dir='ltr'>ipsrs</span> <span class='ocrx_word' id='word_1_233' title='bbox 1040 3676 1211 3760; x_wconf 90' lang='lat' dir='ltr'>viribus:</span> <span class='ocrx_word' id='word_1_234' title='bbox 1251 3677 1332 3760; x_wconf 93' lang='lat' dir='ltr'>hoc</span> <span class='ocrx_word' id='word_1_235' title='bbox 1351 3675 1495 3789; x_wconf 89' lang='lat' dir='ltr'>utique</span> <span class='ocrx_word' id='word_1_236' title='bbox 1523 3681 1786 3790; x_wconf 90' lang='lat' dir='ltr'>consequitur</span> 
     </span>
     <span class='ocr_line' id='line_1_29' title="bbox 222 3795 1785 3912; baseline -0.001 -21"><span class='ocrx_word' id='word_1_237' title='bbox 222 3831 277 3891; x_wconf 88' lang='lat' dir='ltr'>ex</span> <span class='ocrx_word' id='word_1_238' title='bbox 294 3800 514 3886; x_wconf 87' lang='lat' dir='ltr'>ratiociniis</span> <span class='ocrx_word' id='word_1_239' title='bbox 534 3798 841 3884; x_wconf 88' lang='lat' dir='ltr'>mathematicis.</span> <span class='ocrx_word' id='word_1_240' title='bbox 896 3795 987 3884; x_wconf 84' lang='lat' dir='ltr'>Erit</span> <span class='ocrx_word' id='word_1_241' title='bbox 1000 3801 1124 3910; x_wconf 87' lang='lat' dir='ltr'>igitur</span> <span class='ocrx_word' id='word_1_242' title='bbox 1145 3810 1203 3884; x_wconf 89' lang='lat' dir='ltr'>vis</span> <span class='ocrx_word' id='word_1_243' title='bbox 1217 3803 1444 3912; x_wconf 89' lang='lat' dir='ltr'>centripeta</span> <span class='ocrx_word' id='word_1_244' title='bbox 1460 3803 1566 3888; x_wconf 86' lang='lat' dir='ltr'>lunae</span> <span class='ocrx_word' id='word_1_245' title='bbox 1585 3806 1628 3890; x_wconf 93' lang='lat' dir='ltr'>in</span> <span class='ocrx_word' id='word_1_246' title='bbox 1653 3807 1785 3890; x_wconf 89' lang='lat' dir='ltr'>orbita</span> 
     </span>
     <span class='ocr_line' id='line_1_30' title="bbox 222 3925 1784 4040; baseline -0.004 -22"><span class='ocrx_word' id='word_1_247' title='bbox 222 3933 291 4018; x_wconf 86' lang='lat' dir='ltr'>sua</span> <span class='ocrx_word' id='word_1_248' title='bbox 323 3925 590 4021; x_wconf 88' lang='lat' dir='ltr'>revolventis,</span> <span class='ocrx_word' id='word_1_249' title='bbox 629 3925 682 4009; x_wconf 91' lang='lat' dir='ltr'>ad</span> <span class='ocrx_word' id='word_1_250' title='bbox 710 3925 795 4008; x_wconf 92' lang='lat' dir='ltr'>vim</span> <span class='ocrx_word' id='word_1_251' title='bbox 824 3927 1032 4034; x_wconf 85' lang='lat' dir='ltr'>gravitatis</span> <span class='ocrx_word' id='word_1_252' title='bbox 1059 3926 1102 4010; x_wconf 91' lang='lat' dir='ltr'>in</span> <span class='ocrx_word' id='word_1_253' title='bbox 1133 3925 1345 4034; x_wconf 88' lang='lat' dir='ltr'>superficie</span> <span class='ocrx_word' id='word_1_254' title='bbox 1378 3947 1519 4024; x_wconf 81' lang='lat' dir='ltr'>terrae,</span> <span class='ocrx_word' id='word_1_255' title='bbox 1546 3949 1591 4014; x_wconf 91' lang='lat' dir='ltr'>ut</span> <span class='ocrx_word' id='word_1_256' title='bbox 1611 3930 1784 4040; x_wconf 88' lang='lat' dir='ltr'>spatium</span> 
     </span>
     <span class='ocr_line' id='line_1_31' title="bbox 223 4047 1784 4170; baseline 0.001 -31"><span class='ocrx_word' id='word_1_257' title='bbox 223 4051 338 4170; x_wconf 94' lang='lat' dir='ltr'>quod</span> <span class='ocrx_word' id='word_1_258' title='bbox 359 4073 546 4161; x_wconf 90' lang='lat' dir='ltr'>tempore</span> <span class='ocrx_word' id='word_1_259' title='bbox 572 4074 694 4161; x_wconf 89' lang='lat' dir='ltr'>quam</span> <span class='ocrx_word' id='word_1_260' title='bbox 721 4049 894 4134; x_wconf 91' lang='lat' dir='ltr'>minimo</span> <span class='ocrx_word' id='word_1_261' title='bbox 919 4049 1167 4133; x_wconf 85' lang='lat' dir='ltr'>describeret</span> <span class='ocrx_word' id='word_1_262' title='bbox 1185 4050 1279 4133; x_wconf 93' lang='lat' dir='ltr'>luna</span> <span class='ocrx_word' id='word_1_263' title='bbox 1298 4048 1591 4136; x_wconf 88' lang='lat' dir='ltr'>descendendo</span> <span class='ocrx_word' id='word_1_264' title='bbox 1609 4047 1784 4163; x_wconf 85' lang='lat' dir='ltr'>pervim</span> 
     </span>
     <span class='ocr_line' id='line_1_32' title="bbox 223 4175 1788 4289; baseline 0 -27"><span class='ocrx_word' id='word_1_265' title='bbox 223 4177 493 4288; x_wconf 90' lang='lat' dir='ltr'>centripetam</span> <span class='ocrx_word' id='word_1_266' title='bbox 513 4177 647 4259; x_wconf 89' lang='lat' dir='ltr'>versus</span> <span class='ocrx_word' id='word_1_267' title='bbox 667 4194 830 4274; x_wconf 85' lang='lat' dir='ltr'>terram,</span> <span class='ocrx_word' id='word_1_268' title='bbox 854 4175 883 4259; x_wconf 87' lang='lat' dir='ltr'>fi</span> <span class='ocrx_word' id='word_1_269' title='bbox 902 4175 1089 4259; x_wconf 89' lang='lat' dir='ltr'>circulari</span> <span class='ocrx_word' id='word_1_270' title='bbox 1114 4175 1229 4258; x_wconf 92' lang='lat' dir='ltr'>omni</span> <span class='ocrx_word' id='word_1_271' title='bbox 1248 4192 1365 4264; x_wconf 91' lang='lat' dir='ltr'>motu</span> <span class='ocrx_word' id='word_1_272' title='bbox 1388 4178 1537 4286; x_wconf 90' lang='lat' dir='ltr'>privari</span> <span class='ocrx_word' id='word_1_273' title='bbox 1555 4179 1788 4289; x_wconf 88' lang='lat' dir='ltr'>fingeretur,</span> 
     </span>
     <span class='ocr_line' id='line_1_33' title="bbox 225 4297 1788 4413; baseline -0.001 -25"><span class='ocrx_word' id='word_1_274' title='bbox 225 4302 276 4388; x_wconf 87' lang='lat' dir='ltr'>ad</span> <span class='ocrx_word' id='word_1_275' title='bbox 295 4301 466 4413; x_wconf 89' lang='lat' dir='ltr'>spatium</span> <span class='ocrx_word' id='word_1_276' title='bbox 479 4299 601 4413; x_wconf 92' lang='lat' dir='ltr'>quod</span> <span class='ocrx_word' id='word_1_277' title='bbox 628 4301 778 4384; x_wconf 89' lang='lat' dir='ltr'>eodem</span> <span class='ocrx_word' id='word_1_278' title='bbox 806 4317 992 4412; x_wconf 89' lang='lat' dir='ltr'>tempore</span> <span class='ocrx_word' id='word_1_279' title='bbox 1016 4324 1139 4411; x_wconf 89' lang='lat' dir='ltr'>quam</span> <span class='ocrx_word' id='word_1_280' title='bbox 1153 4299 1326 4384; x_wconf 89' lang='lat' dir='ltr'>minimo</span> <span class='ocrx_word' id='word_1_281' title='bbox 1342 4297 1533 4386; x_wconf 89' lang='lat' dir='ltr'>describit</span> <span class='ocrx_word' id='word_1_282' title='bbox 1552 4325 1674 4408; x_wconf 81' lang='lat' dir='ltr'>grave</span> <span class='ocrx_word' id='word_1_283' title='bbox 1694 4329 1788 4387; x_wconf 91' lang='lat' dir='ltr'>cor-</span> 
     </span>
     <span class='ocr_line' id='line_1_34' title="bbox 225 4421 1787 4539; baseline -0.001 -27"><span class='ocrx_word' id='word_1_284' title='bbox 225 4453 300 4539; x_wconf 90' lang='lat' dir='ltr'>pus</span> <span class='ocrx_word' id='word_1_285' title='bbox 325 4430 367 4512; x_wconf 94' lang='lat' dir='ltr'>in</span> <span class='ocrx_word' id='word_1_286' title='bbox 393 4426 540 4510; x_wconf 85' lang='lat' dir='ltr'>vicinia</span> <span class='ocrx_word' id='word_1_287' title='bbox 566 4443 701 4522; x_wconf 82' lang='lat' dir='ltr'>terrae,</span> <span class='ocrx_word' id='word_1_288' title='bbox 725 4429 897 4533; x_wconf 91' lang='lat' dir='ltr'>pervim</span> <span class='ocrx_word' id='word_1_289' title='bbox 922 4425 1127 4532; x_wconf 85' lang='lat' dir='ltr'>gravitatis</span> <span class='ocrx_word' id='word_1_290' title='bbox 1153 4421 1232 4506; x_wconf 83' lang='lat' dir='ltr'>suae</span> <span class='ocrx_word' id='word_1_291' title='bbox 1258 4422 1458 4508; x_wconf 85' lang='lat' dir='ltr'>cadendo.</span> <span class='ocrx_word' id='word_1_292' title='bbox 1514 4421 1685 4510; x_wconf 90' lang='lat' dir='ltr'>Horum</span> <span class='ocrx_word' id='word_1_293' title='bbox 1705 4425 1787 4538; x_wconf 91' lang='lat' dir='ltr'>spa·</span> 
     </span>
     <span class='ocr_line' id='line_1_35' title="bbox 228 4547 1851 4661; baseline 0.001 -26"><span class='ocrx_word' id='word_1_294' title='bbox 228 4552 380 4636; x_wconf 92' lang='lat' dir='ltr'>tiorum</span> <span class='ocrx_word' id='word_1_295' title='bbox 400 4550 510 4660; x_wconf 89' lang='lat' dir='ltr'>prius</span> <span class='ocrx_word' id='word_1_296' title='bbox 536 4550 692 4659; x_wconf 80' lang='lat' dir='ltr'>aequale</span> <span class='ocrx_word' id='word_1_297' title='bbox 717 4550 775 4632; x_wconf 91' lang='lat' dir='ltr'>est</span> <span class='ocrx_word' id='word_1_298' title='bbox 794 4576 943 4633; x_wconf 87' lang='lat' dir='ltr'>arcusa</span> <span class='ocrx_word' id='word_1_299' title='bbox 964 4550 1056 4632; x_wconf 88' lang='lat' dir='ltr'>luna</span> <span class='ocrx_word' id='word_1_300' title='bbox 1071 4572 1143 4658; x_wconf 93' lang='lat' dir='ltr'>per</span> <span class='ocrx_word' id='word_1_301' title='bbox 1160 4547 1273 4632; x_wconf 88' lang='lat' dir='ltr'>idern</span> <span class='ocrx_word' id='word_1_302' title='bbox 1296 4567 1458 4659; x_wconf 90' lang='lat' dir='ltr'>tempus</span> <span class='ocrx_word' id='word_1_303' title='bbox 1476 4547 1669 4661; x_wconf 86' lang='lat' dir='ltr'>descripti</span> <span class='ocrx_word' id='word_1_304' title='bbox 1689 4549 1789 4636; x_wconf 89' lang='lat' dir='ltr'>finui</span> <span class='ocrx_word' id='word_1_305' title='bbox 1847 4581 1851 4589; x_wconf 70' lang='grc'><em>“</em></span> 
     </span>
     <span class='ocr_line' id='line_1_36' title="bbox 227 4671 1790 4790; baseline 0.001 -30"><span class='ocrx_word' id='word_1_306' title='bbox 227 4677 357 4773; x_wconf 87' lang='lat' dir='ltr'>verso,</span> <span class='ocrx_word' id='word_1_307' title='bbox 384 4675 622 4790; x_wconf 89' lang='lat' dir='ltr'>quippequi</span> <span class='ocrx_word' id='word_1_308' title='bbox 648 4675 753 4758; x_wconf 90' lang='lat' dir='ltr'>lunae</span> <span class='ocrx_word' id='word_1_309' title='bbox 782 4673 1083 4759; x_wconf 83' lang='lat' dir='ltr'>transsationem</span> <span class='ocrx_word' id='word_1_310' title='bbox 1111 4671 1165 4756; x_wconf 93' lang='lat' dir='ltr'>de</span> <span class='ocrx_word' id='word_1_311' title='bbox 1184 4693 1390 4781; x_wconf 89' lang='lat' dir='ltr'>tangente,</span> <span class='ocrx_word' id='word_1_312' title='bbox 1420 4671 1562 4760; x_wconf 67' lang='lat' dir='ltr'>fassam</span> <span class='ocrx_word' id='word_1_313' title='bbox 1592 4679 1675 4760; x_wconf 91' lang='lat' dir='ltr'>avi</span> <span class='ocrx_word' id='word_1_314' title='bbox 1694 4698 1790 4762; x_wconf 88' lang='lat' dir='ltr'>cen·</span> 
     </span>
     <span class='ocr_line' id='line_1_37' title="bbox 229 4799 1907 4920; baseline -0.001 -32"><span class='ocrx_word' id='word_1_315' title='bbox 229 4801 399 4914; x_wconf 77' lang='lat' dir='ltr'>tripete,</span> <span class='ocrx_word' id='word_1_316' title='bbox 437 4801 627 4899; x_wconf 72' lang='lat' dir='ltr'>meritura</span> <span class='ocrx_word' id='word_1_317' title='bbox 658 4822 780 4914; x_wconf 90' lang='lat' dir='ltr'>atque</span> <span class='ocrx_word' id='word_1_318' title='bbox 807 4801 912 4888; x_wconf 91' lang='lat' dir='ltr'>adeo</span> <span class='ocrx_word' id='word_1_319' title='bbox 938 4801 1169 4920; x_wconf 82' lang='lat' dir='ltr'>computari</span> <span class='ocrx_word' id='word_1_320' title='bbox 1197 4799 1330 4910; x_wconf 85' lang='lat' dir='ltr'>potest</span> <span class='ocrx_word' id='word_1_321' title='bbox 1348 4824 1399 4884; x_wconf 85' lang='lat' dir='ltr'>ex</span> <span class='ocrx_word' id='word_1_322' title='bbox 1432 4799 1534 4886; x_wconf 91' lang='lat' dir='ltr'>datis</span> <span class='ocrx_word' id='word_1_323' title='bbox 1569 4820 1658 4886; x_wconf 91' lang='lat' dir='ltr'>tum</span> <span class='ocrx_word' id='word_1_324' title='bbox 1685 4802 1791 4886; x_wconf 84' lang='lat' dir='ltr'>lunae</span> <span class='ocrx_word' id='word_1_325' title='bbox 1905 4869 1907 4874; x_wconf 86' lang='lat'>.</span> 
     </span>
    </p>

    <p class='ocr_par' dir='ltr' id='par_1_6' title="bbox 1064 4923 1791 5035">
     <span class='ocr_line' id='line_1_38' title="bbox 1064 4923 1791 5035; baseline 0.006 -28"><span class='ocrx_word' id='word_1_326' title='bbox 1064 4923 1092 5007; x_wconf 94' lang='lat' dir='ltr'>b</span> <span class='ocrx_word' id='word_1_327' title='bbox 1605 4942 1791 5035; x_wconf 88' lang='lat' dir='ltr'>tempore</span> 
     </span>
    </p>
   </div>
   <div class='ocr_carea' id='block_1_3' title="bbox 0 0 2250 5674">
    <p class='ocr_par' dir='ltr' id='par_1_7' title="bbox 0 0 2250 5674">
     <span class='ocr_line' id='line_1_39' title="bbox 0 0 2250 5674; baseline 0 0"><span class='ocrx_word' id='word_1_328' title='bbox 0 0 2250 5674; x_wconf 95' lang='lat' dir='ltr'> </span> 
     </span>
    </p>
   </div>
  </div>
 </body>
</html>
