4450 5674
480 295 538 358 ro
735 261 1268 358 PHILOSOPHIAE
1314 255 1770 360 NATURALlS

246 439 464 500 Deum·
482 456 548 522 tur
571 475 581 535 ;
611 457 651 524 at
674 457 810 522 motus
829 439 1016 523 relativus
1038 437 1090 522 ab
1106 438 1165 524 his
1184 439 1334 523 viribus
1355 461 1439 522 non
1459 456 1638 525 mutatur
1657 435 1888 524 necessario.
1940 423 2080 526 Nam

243 538 355 579 Μ’
477 564 509 650 st
541 566 698 650 eaedem
720 565 824 649 vires
851 565 891 650 in
918 567 992 650 alia
1022 566 1141 651 etiam
1170 590 1358 676 corpora,
1391 563 1442 648 ad
1463 589 1556 674 quae
1582 566 1627 650 sit
1648 566 1807 664 relatio,
1831 565 1884 650 fic
1904 566 2081 676 impri-

478 711 652 787 mantur,
677 712 723 774 ut
755 689 848 774 srtus
869 691 1055 776 relativus
1075 689 1355 786 conservetur,
1387 688 1692 776 conservabitur
1723 689 1867 775 relatio
1894 691 1941 774 in
1978 718 2080 804 qua

480 837 617 902 motus
645 815 831 899 relativus
860 813 1046 900 consrssit.
1103 813 1259 898 Mutari
1287 814 1409 922 igitur
1436 814 1568 924 potest
1593 835 1729 900 motus
1756 815 1889 900 omnis
1912 820 2079 904 relati·

481 969 569 1038 vus,
581 940 651 1027 ubi
671 966 788 1024 verus
810 937 1081 1033 conservatur,
1102 936 1145 1021 δι
1163 935 1390 1022 conservari
1405 937 1475 1022 ubi
1494 963 1611 1025 verus
1632 957 1837 1033 mutatura
1858 935 1902 1022 dc
1922 966 2076 1056 prop.

482 1090 593 1156 terea
620 1085 755 1150 motus
775 1091 891 1148 verus
910 1064 952 1149 in
972 1061 1169 1166 ejusmodi
1193 1062 1454 1147 relationibus
1473 1063 1640 1148 minime
1662 1063 1850 1148 consrssit.
1968 1087 1980 1094 ·

536 1191 732 1290 Effeslus,
765 1191 911 1304 quibus
938 1211 1073 1272 motus
1101 1185 1336 1272 absoluti&
1360 1189 1516 1272 relativi
1544 1187 1843 1300 distinguuntur
1861 1187 1912 1273 ab
1943 1191 2072 1280 invi-

483 1349 589 1419 cem,
623 1321 711 1406 sunt
742 1317 846 1400 vires
872 1312 1095 1398 recedendi
1118 1311 1167 1396 ab
1192 1339 1267 1396 axe
1296 1333 1431 1398 motus
1452 1311 1668 1397 circularis.
1724 1313 1830 1398 Nam
1856 1315 1898 1400 in
1925 1337 2069 1402 motu

482 1446 667 1532 circulari
696 1440 806 1528 nude
833 1440 1001 1523 relativo
1026 1438 1089 1524 hae
1110 1437 1214 1521 vires
1245 1436 1363 1519 nullae
1385 1434 1488 1532 sunt,
1516 1437 1557 1519 in
1586 1462 1683 1522 vero
1711 1457 1846 1522 autem
1868 1435 1911 1522 dc
1931 1443 2067 1526 abso-

481 1577 569 1660 luto
602 1570 772 1678 majores
801 1569 865 1650 vel
893 1567 1070 1651 minores
1093 1589 1169 1675 pro
1195 1563 1420 1675 quantitate
1448 1582 1595 1648 motus.
1656 1563 1699 1648 Si
1725 1564 1902 1674 pendeat
1933 1568 2064 1660 situla

480 1727 504 1786 a
528 1697 597 1782 silo
621 1696 843 1808 pralonga
873 1710 1096 1800 apaturque
1118 1710 1318 1799 perpetuo
1346 1686 1387 1772 in
1416 1687 1574 1786 orbem,
1608 1685 1743 1774 donec
1767 1689 1881 1774 filum
1900 1719 1923 1774 a
1945 1721 2062 1782 con·

483 1826 658 1912 torsione
678 1817 901 1906 admodum
928 1813 1112 1923 rigescat,
1140 1811 1236 1896 dein
1260 1813 1473 1922 impleatur
1502 1837 1619 1924 aqua,
1656 1810 1698 1898 dr
1723 1839 1803 1898 una
1824 1839 1919 1902 cum
1938 1845 2058 1933 aqua
2211 1793 2212 1866 l

482 1952 689 2066 quiescam
719 1967 807 2032 tum
829 1945 870 2026 vi
892 1943 1022 2054 aliqua
1043 1938 1245 2024 subitanea
1269 1956 1408 2047 agatur
1435 1957 1552 2020 motu
1580 1939 1786 2024 contrario
1812 1941 1855 2024 in
1886 1943 2057 2062 orbem,

482 2079 525 2168 ἃ
546 2078 617 2162 filo
643 2076 683 2162 se
704 2075 921 2169 relaxante,
958 2069 1110 2152 diutius
1136 2065 1365 2176 perseveret
1395 2065 1437 2148 in
1466 2065 1546 2148 hoc
1575 2087 1717 2168 motu,
1756 2063 1987 2178 superficies
2009 2103 2055 2160 a.

482 2229 574 2320 que
602 2201 673 2288 sub
704 2197 821 2286 initio
849 2199 964 2309 plana
995 2193 1086 2289 erit,
1126 2189 1474 2304 quemadmodum
1510 2206 1615 2294 ante,
1638 2207 1797 2294 motum
1820 2193 1940 2278 vafis:
1983 2201 2052 2284 At

483 2330 693 2444 postquam
720 2351 800 2422 vas,
834 2324 874 2406 vi
898 2321 939 2404 in
968 2343 1112 2432 aquam
1145 2317 1334 2428 paulatim
1359 2311 1556 2425 impressa,
1584 2311 1721 2398 effecit
1749 2333 1794 2398 ut
1820 2316 1908 2402 haec
1938 2345 2050 2436 quo·

481 2481 563 2568 que
588 2449 820 2536 sensibiliter
839 2445 993 2530 revolvi
1013 2441 1205 2551 incipiam
1243 2437 1410 2524 recedet
1435 2436 1515 2546 ipsa
1538 2437 1727 2548 paulatim
1752 2465 1775 2520 a
1802 2439 1954 2540 medio,
1984 2446 2048 2528 as-

482 2579 715 2690 cendetque
744 2573 799 2658 ad·
825 2573 948 2656 latera
975 2566 1085 2663 vasrs,
1117 2565 1287 2672 liguram
1312 2587 1532 2650 concavam
1559 2561 1744 2660 induens,
1771 2565 1835 2668 (ut
1864 2567 1948 2678 ipse
1970 2599 2046 2658 ex.

478 2727 617 2818 pertus
643 2703 749 2808 sum)
778 2697 821 2782 dr
835 2692 1066 2780 incitatiore
1084 2688 1241 2800 semper
1258 2710 1375 2774 motu
1394 2685 1582 2772 ascendet
1602 2686 1788 2796 magis&
1802 2694 1940 2800 magis,
1967 2696 2045 2780 do.

478 2861 558 2920 nec
596 2827 871 2916 revolutiones
903 2823 946 2906 in
979 2817 1196 2931 aequalibus
1238 2842 1335 2900 cum
1371 2815 1460 2898 vase
1498 2811 1750 2922 temporibus
1791 2819 2045 2926 peragendo,

478 2955 657 3069 quiescat
691 2954 734 3036 in
767 2949 918 3035 eodem
952 2943 1130 3030 relative.
1185 2939 1338 3024 indicat
1378 2939 1445 3024 hic
1485 2934 1664 3022 ascensus
1702 2959 1896 3024 conatum
1929 2969 2044 3028 rece·

478 3079 606 3166 dendi
627 3076 677 3162 ab
704 3100 778 3160 axe
801 3089 951 3164 motus,
987 3065 1029 3148 δι
1052 3089 1125 3174 per
1154 3065 1285 3148 talem·
1305 3084 1497 3146 conatum
1529 3058 1742 3144 innotescit
1771 3057 1814 3142 &
1840 3063 2042 3150 mensura·

477 3229 544 3294 tur
578 3221 714 3292 motus
745 3222 860 3312 aquae
890 3191 1094 3278 circularis
1132 3187 1325 3274 verus&
1359 3188 1575 3286 absolutus,
1620 3189 1833 3300 motuique
1869 3192 2041 3276 relativo

477 3337 544 3422 hie
568 3331 739 3420 omnino
763 3322 1000 3412 contrarius.
1055 3315 1190 3413 Initio,
1219 3315 1287 3400 ubi
1307 3315 1507 3398 maximus
1531 3333 1617 3398 erat
1645 3338 1759 3424 aquae
1778 3333 1912 3396 motus
1941 3316 2039 3398 rela-

474 3465 581 3552 tivus
609 3455 781 3554 invase,
818 3469 953 3536 motus
990 3446 1057 3530 ille
1088 3445 1243 3530 nullum
1270 3439 1470 3528 excitabat
1504 3461 1699 3524 conatum
1735 3435 1956 3522 recedendi
1988 3439 2039 3524 ab

474 3615 576 3682 axe:
615 3611 717 3698 aqua
745 3607 828 3666 non
852 3576 1017 3688 petebat
1045 3570 1417 3658 circumferentiam
1445 3563 1702 3650 ascendendo
1738 3563 1788 3646 ad
1820 3563 1942 3649 latera
1970 3589 2040 3647 va-

475 3714 537 3810 fis,
574 3711 643 3798 sed
680 3711 794 3819 plana
819 3701 1021 3795 manebat,
1055 3697 1346 3807 &propterea
1377 3694 1480 3776 illius
1512 3715 1631 3776 verus
1668 3706 1804 3772 motus
1837 3689 2041 3774 circularis

474 3840 666 3931 nondum
692 3837 913 3943 inceperat.
971 3824 1115 3912 Postea
1141 3849 1255 3920 vero,
1282 3822 1352 3906 ubi
1373 3845 1487 3932 aquae
1513 3838 1649 3903 motus
1681 3814 1867 3918 relativus
1897 3815 2041 3902 decre·

474 3969 548 4065 vit,
581 3961 759 4050 ascensus
796 3955 879 4064 ejus
909 3938 966 4036 ad'
987 3953 1109 4033 latera
1146 3945 1242 4030 vasis
1271 3943 1472 4028 indicabat
1500 3962 1692 4026 conatum
1733 3935 1955 4020 recedendi
1988 3937 2038 4021 ab

473 4123 575 4191 axe3
604 4113 726 4203 arque
754 4085 819 4168 hic
844 4100 1013 4164 conatus
1040 4071 1283 4160 monstrabat
1311 4090 1471 4152 morum
1502 4069 1608 4150 illius
1635 4063 1871 4146 circularem
1896 4087 2039 4146 verum

472 4240 675 4332 perpetuo
701 4209 965 4298 crescentem,
1005 4225 1052 4283 ac
1081 4197 1244 4282 tandem
1272 4193 1495 4278 maximum
1523 4187 1671 4272 salium
1699 4184 1768 4268 ubi
1794 4209 1897 4296 aqua
1923 4185 2039 4296 quie·

468 4347 609 4431 scebat
638 4343 679 4424 in
709 4335 799 4420 vase
832 4330 1008 4416 relative.
1067 4326 1206 4437 Quare
1239 4343 1412 4406 conatus
1444 4318 1516 4401 ille
1543 4341 1626 4400 non
1655 4310 1806 4422 pendet
1834 4313 2040 4396 atranlla'·

473 4470 587 4554 tione
610 4487 723 4576 aquae
748 4455 931 4568 respediu
954 4475 1175 4561 corporum
1203 4445 1480 4539 ambientium,
1506 4438 1784 4548 &propterea
1808 4455 1943 4517 motus
1959 4435 2040 4517 cir-

474 4594 618 4682 cularis
641 4605 757 4673 verus
780 4611 853 4695 per
876 4569 971 4665 tales
996 4575 1272 4662 transsationes
1300 4567 1459 4654 definiri
1487 4563 1640 4675 nequit.
1696 4557 1851 4642 Unicus
1873 4560 1930 4640 ell
1948 4585 2039 4642 cor·

471 4723 586 4834 poris
613 4715 803 4828 cujusque
831 4706 1074 4796 revolventis
1097 4723 1232 4788 motus
1254 4724 1349 4781 vere
1368 4693 1587 4786 circularis,
1615 4683 1780 4771 conatui
1807 4685 1930 4768 unico
1955 4703 2039 4768 tan·

473 4873 596 4962 quam
626 4844 794 4960 proprio
816 4839 859 4924 δε
879 4835 1094 4948 adequato
1119 4822 1280 4914 e'ffettui
1310 4819 1584 4933 respondens:
1621 4835 1757 4898 motus
1778 4831 1916 4894 autem
1938 4811 2039 4892 rela-

473 4980 548 5070 tivi
568 5005 647 5093 pro
672 4972 788 5061 variis
807 4964 1067 5056 relationibus
1085 4957 1136 5044 ad
1161 4974 1329 5044 externa
1354 4947 1559 5036 innumeri
1584 4944 1702 5042 sunta
1726 4941 1770 5025 dc
1795 4939 2039 5142 relatioqpm

1904 5087 1946 5144 rn
1982 5083 2039 5153 ar,
