4312 5652
454 236 549 300 τοι)
759 209 1295 310 eH'lLOSOPHIAE
1342 207 1796 310 NATURALJS

248 369 303 431 Dt
325 370 444 429 Motu

243 452 423 514 “⁹⁰⁸⁰'‘
482 493 953 592 puorosrTro
993 500 1217 595 Lxxtx.
1293 497 1734 593 Tuuoueun
1773 494 2011 588 xxxin.

457 670 496 773 S
492 671 508 768 i
514 674 778 817 scoperficies
801 677 849 775 ob
879 678 1158 777 latitudinem
1193 675 1369 808 infinite
1401 675 1668 777 diminutam
1684 681 1886 808 jamjam
1920 713 2040 774 eva·

531 839 698 952 nesccns
729 831 920 954 EFfe,
953 833 1242 934 convolutione
1263 835 1340 955 fici
1374 835 1494 934 circa
1526 871 1659 932 axem
1686 839 1775 955 PS,
1812 831 2039 954 describat

518 982 710 1104 solidum
730 983 998 1122 sphericum
1031 1024 1491 1112 concavo-convexum,
1540 988 1606 1087 ud
1632 991 1748 1116 cnjus
1776 983 2036 1124 particulas

501 1257 503 1262 Α
513 1136 923 1276 fingolasuqooles
941 1138 1125 1238 tendant
1146 1140 1334 1273 aeqnoles
1352 1140 1469 1239 vires
1490 1137 1764 1276 centripetae:
1798 1137 1891 1238 dico
1913 1141 2041 1275 quod

526 1288 610 1416 vis,
638 1330 729 1426 qno
742 1292 934 1415 stolidum
956 1290 1074 1390 illud
1087 1289 1229 1389 trahit
1253 1291 1546 1433 corpusculum
1586 1320 1697 1389 ctum
1731 1289 1779 1386 m
1808 1297 1859 1414 P,
1899 1293 2031 1421 estin

371 1551 375 1558 ,
519 1442 699 1544 notione
722 1444 952 1585 compossto
981 1481 1035 1542 cx
1057 1441 1229 1542 ratione
1235 1443 1369 1566 solidi
1394 1440 1666 1578 DquFf,
1689 1439 1751 1548 Εἴ
1774 1441 1947 1542 ratione
1964 1439 2030 1544 uis

526 1636 620 1732 quo
632 1600 865 1740 porticula
887 1597 1061 1698 data-in
1087 1597 1172 1696 loco
1191 1597 1268 1697 Ff
1285 1599 1488 1700 traheret
1511 1597 1628 1695 idem
1647 1598 1956 1736 corpusculum.

511 1871 622 1957 Nam
655 1875 846 1986 fiprimo
871 1873 1174 1963 confideremus
1205 1875 1289 1960 vim
1321 1873 1547 1988 superficiei
1577 1873 1781 1986 sphaecicae
1807 1871 1851 1955 F
1854 1873 1911 1973 E,
1936 1901 2026 1990 que

459 2002 754 2087 convolutione
777 2028 891 2087 arcus
913 1999 1003 2082 FE
1022 2022 1252 2110 generatur,
1270 1999 1313 2084 δι
1338 2001 1483 2087 alinea
1503 2001 1559 2086 de
1578 1998 1709 2086 ubivis
1726 1999 1884 2086 secatur
1905 2001 1949 2087 in
1976 2030 2025 2098 νς

456 2126 536 2210 erit
567 2125 794 2236 superficiei
826 2155 916 2240 pars
948 2127 1163 2226 annularis,
1201 2128 1497 2214 convolutione
1527 2153 1643 2213 arcus
1677 2125 1759 2207 rE
1789 2127 1942 2236 genita,
1983 2149 2025 2211 ut

456 2253 604 2338 lineola
630 2253 731 2353 Do,
772 2275 961 2342 manente
987 2255 1155 2366 sphaerae
1188 2257 1306 2340 radio
1331 2252 1426 2337 PE
1454 2253 1533 2355 (uti
1567 2249 1859 2337 demonstravit
1881 2253 2024 2336 Archi-

456 2379 585 2458 medes
604 2380 645 2461 in
665 2379 731 2463 lib.
753 2381 807 2463 de
827 2380 993 2490 Sphaera
1015 2377 1059 2463 &
1089 2379 1310 2494 cylindro.)
1368 2375 1423 2464 Et
1443 2376 1559 2488 hujus
1579 2379 1652 2478 vis,
1678 2375 1904 2462 secundum
1930 2377 2025 2463 line·

453 2527 495 2586 as
514 2501 610 2587 PE
635 2504 698 2587 vel
726 2505 800 2590 Pr
820 2505 1002 2618 undique
1034 2503 1077 2590 in
1107 2503 1242 2620 super·

455 2623 549 2709 ficie
576 2627 720 2711 conica
741 2629 829 2713 snas
859 2627 1052 2725 exercita,
1081 2649 1129 2713 ut
1156 2632 1245 2715 haec

456 2752 538 2863 ipsa
564 2753 790 2864 superficiei
814 2780 903 2867 pars
918 2755 1116 2842 annularis
1133 2793 1144 2855 ;
1164 2757 1245 2842 hoc
1275 2793 1276 2798 ι

457 2876 528 2970 est,
555 2897 600 2959 ut
626 2878 773 2963 lineola
803 2880 907 2975 Dd,
933 2880 1011 2976 vel,
1040 2879 1155 2990 quod
1175 2904 1244 2990 pe·

455 2997 575 3085 rinde
595 3001 664 3101 est,
687 3022 734 3088 ut
755 3001 1033 3112 reciangulum
1053 3003 1124 3088 sub
1144 3005 1242 3090 dato

453 3128 619 3239 sphaerae
650 3130 765 3215 radio
798 3126 897 3210 PE
928 3127 971 3211 &
997 3129 1144 3216 lineola
1174 3131 1239 3214 illa
1292 3129 1460 3258 ξ’ζ-ῑι

458 3257 579 3339 Do:
608 3277 647 3340 at
668 3255 891 3342 secundum
916 3256 1062 3340 lineam
1090 3253 1241 3340 PSad

457 3401 645 3463 centrum
689 3379 988 3466 Stendentem
1024 3383 1159 3469 minor
1197 3386 1241 3470 in

455 3502 614 3586 ratione
645 3503 748 3584 PD
769 3503 820 3586 ad
851 3502 956 3600 PE,
991 3504 1171 3619 ideoque
1193 3527 1239 3592 ut

459 3627 708 3712 memd.
765 3624 908 3707 Dividi
935 3625 1016 3732 jam
1043 3629 1237 3738 intelliga-

459 3771 526 3834 tur
546 3752 648 3833 linea
669 3747 773 3831 DF
786 3747 827 3830 in
857 3751 1069 3855 particulas
1097 3751 1326 3834 innumeras
1358 3755 1544 3866 equales,
1579 3775 1673 3863 quae
1702 3749 1865 3859 fingulae
1896 3740 2022 3826 nomi·

458 3895 606 3958 nentur
633 3870 751 3964 Dd;
781 3869 821 3952 &
839 3869 1067 3979 superficies
1088 3873 1131 3952 F
1135 3873 1176 3953 E
1196 3873 1403 3959 dividetur
1429 3879 1469 3960 in
1496 3876 1671 3958 totidem
1702 3873 1870 3987 aequales
1901 3861 2030 3950 annm

458 4001 532 4094 los,
559 4017 735 4108 quorum
758 3991 863 4074 vires
883 4015 1001 4075 erunt
1027 4014 1074 4078 ut
1108 3994 1259 4080 summa
1283 3999 1467 4082 omnium
1496 3997 1759 4090 PDx‘Dd,
1789 3997 1868 4076 hoc
1890 3991 1960 4084 ell,
1979 4013 2022 4071 ut
2110 3997 2111 4004 ‘

191 4209 193 4216 ,
458 4123 539 4212 ÷P
555 4121 594 4202 F
598 4150 693 4233 q-·
714 4117 906 4230 ÷PDq‚
935 4118 1113 4230 ideoque
1133 4143 1178 4206 ut
1202 4120 1297 4204 ‘DE
1316 4123 1431 4232 quod.
1489 4121 1674 4206 Ducarur
1689 4121 1770 4228 jam
1797 4114 2025 4228 superficies

277 4247 281 4255 ’
434 4247 501 4326 ‘F
508 4247 550 4328 E
570 4247 609 4327 in
633 4241 889 4342 altitudinem
912 4239 1000 4346 Εἷς
1032 4239 1075 4322 &
1106 4243 1176 4328 fiet
1206 4243 1324 4328 solidi
1350 4243 1494 4347 Ech
1521 4245 1579 4328 vis
1605 4241 1842 4329 exercitaio
1863 4237 2026 4349 corpul-
2106 4335 2107 4339 Ν

459 4372 595 4451 culum
615 4369 658 4450 P
678 4389 721 4450 ut
746 4367 795 4446 t)
809 4365 848 4446 E
857 4385 926 4478 qx
944 4363 983 4444 F
985 4367 1026 4471 f
1035 4397 1049 4444 .·
1091 4391 1188 4476 puta
1216 4369 1243 4452 sr
1273 4369 1395 4452 detur
1424 4370 1483 4451 vis
1510 4395 1631 4480 quam
1663 4368 1857 4478 particula
1894 4368 2026 4478 aliqua

459 4497 551 4578 dam
585 4493 626 4574 F
624 4495 664 4598 f
672 4495 709 4575 in
734 4490 916 4574 dil'lantiu
949 4489 1037 4570 ‘PF
1059 4513 1225 4576 exercet
1254 4494 1297 4577 in
1325 4491 1611 4602 corpusculum
1635 4495 1690 4578 P.
1749 4495 1807 4575 At
1833 4492 1860 4576 sr
1885 4495 2026 4575 visilia

377 4605 378 4610 Ν
457 4649 540 4706 ιιοιι
562 4619 698 4716 detur,
726 4619 794 4702 fiet
823 4620 881 4700 vis
904 4617 1019 4703 solidi
1056 4615 1098 4696 E
1109 4619 1149 4698 F
1144 4629 1207 4726 je
1235 4639 1279 4704 ut
1305 4619 1478 4704 solidum
1506 4617 1609 4701 DE
1618 4642 1685 4732 qt(
1704 4619 1745 4702 F
1744 4623 1782 4726 f
1799 4617 1843 4702 δι
1872 4619 1934 4703 vis
1965 4619 2025 4702 illu

268 4769 270 4776 ’
455 4773 537 4835 non
567 4746 659 4832 data
679 4741 936 4851 conjunclim.
994 4741 1049 4857 Q
1066 4741 1117 4826 E.
1133 4746 1195 4826 Ἰ),

1751 4993 2025 5082 '‘PROPO·
