4344 5648
441 221 842 341 uitrrtcrtra
887 201 1488 322 uarutmattcn
1656 229 1751 345 3‘31
1823 161 1844 182 “’
1894 279 1909 312 .,

187 416 387 508 foramine
414 407 604 497 deorsum
630 429 753 519 quam
784 419 934 508 corpus
964 390 1155 478 cadendo
1183 415 1205 474 a
1238 384 1415 472 dimidio
1445 382 1668 468 altitudinis
1688 372 1976 514 IZSELJJSM

188 543 400 658 acquirere
432 533 589 647 potest:
631 523 824 611 velocitas
855 540 994 605 autem
1029 509 1474 622 catarasiaefutriusque
1501 506 1683 590 cadentis
1710 531 1758 588 ea
1855 606 1863 614 g
1980 488 1988 506 '

188 669 266 754 erit
290 667 333 752 in
362 660 564 748 foramine
594 653 690 754 EF,
716 673 840 765 quam
866 666 1015 754 corpus
1046 637 1236 724 cadendo
1267 635 1317 720 ab
1344 631 1557 718 altitudine
1579 652 1667 715 tota
1693 627 1758 712 IG

187 793 384 906 acquiret.
1601 835 1603 838 .

245 917 336 1022 Cas
351 942 389 994 2.
416 906 458 992 Si
483 904 669 990 foramen
691 893 778 978 EF
798 917 882 977 non
913 888 958 973 stt
981 890 1023 974 in
1052 885 1193 972 medio
1213 882 1331 969 fundi
1351 881 1462 978 vasrs,
1491 879 1559 966 sed
1580 878 1754 965 fundum

189 1042 284 1131 alibi
303 1035 558 1150 perforetur:
588 1050 691 1139 aqua
711 1017 852 1106 effluet
870 1013 1015 1100 eadem
1033 1038 1129 1097 cum
1153 1011 1372 1096 uelocitate
1398 1034 1445 1092 ac
1468 1009 1593 1118 prius,
1619 1005 1648 1088 sr
1667 1031 1755 1088 mo·

191 1172 250 1257 do
283 1164 429 1250 eadem
464 1158 514 1242 fit·
545 1147 752 1238 foraminis
791 1139 1042 1254 magnitudo.
1116 1137 1222 1222 Nam
1257 1158 1379 1246 grave
1415 1132 1557 1240 majori
1585 1132 1755 1245 quidem

191 1317 380 1404 tempore
399 1280 609 1370 descendit
637 1274 689 1359 ad
717 1270 889 1356 eandem
921 1265 1244 1380 profunditatem
1270 1287 1343 1372 per
1372 1259 1518 1345 lineam
1549 1259 1754 1372 obliquam

191 1443 314 1532 quarn
339 1439 412 1526 per
437 1410 585 1493 lincam
606 1393 999 1514 perpendicularem,
1029 1390 1099 1476 sed
1129 1385 1420 1473 descendendo
1453 1382 1626 1468 eandem
1646 1385 1755 1468 velo·

192 1545 359 1628 citatem
392 1533 565 1647 acquirit
593 1527 637 1610 in
660 1543 844 1636 utroque
866 1519 972 1614 casu,
998 1536 1043 1599 ut
1068 1513 1262 1598 Galilaeus
1285 1507 1589 1594 demonstravit.

249 1667 341 1774 Cast
358 1691 392 1766 3.
428 1660 585 1744 Eadem
614 1651 670 1735 ell
702 1670 817 1761 aquae
843 1643 1038 1727 velocitas
1064 1636 1264 1726 effluentis
1293 1635 1571 1749 perforamen
1593 1636 1634 1720 in
1661 1637 1757 1722 late·

192 1817 238 1878 re
257 1788 363 1875 vasis.
418 1777 577 1868 Namst
610 1775 795 1858 foramen
814 1789 983 1877 parvum
1009 1763 1070 1860 stt,
1097 1782 1143 1848 ut
1171 1761 1425 1846 intervallum
1453 1759 1561 1844 inter
1592 1758 1758 1870 superfi-

192 1918 275 2002 cies
296 1911 380 1997 AB
398 1909 441 1992 dc
460 1907 505 1989 K
507 1904 545 1986 L
564 1897 702 2014 quoad
724 1893 879 1978 sensum
907 1889 1130 1986 evanescat,
1158 1885 1200 1968 dc
1227 1910 1329 1968 vena
1350 1907 1465 1996 aquae
1493 1885 1758 1970 horizontali-

193 2065 256 2128 ter
278 2034 478 2126 exilientis
504 2029 684 2139 'figuram
712 2017 984 2132 parabolicam
1013 2009 1229 2097 efformet:
1265 2036 1318 2094 ex
1345 2011 1469 2094 latere
1499 2009 1611 2095 reslo
1635 2005 1761 2121 'hujus

194 2162 395 2279 parabolae
428 2156 658 2261 colligetur,
685 2143 800 2258 quod
820 2139 1013 2223 velocitas
1031 2159 1147 2250 aquae
1170 2132 1371 2218 effluentis
1395 2159 1443 2214 ea
1465 2131 1510 2215 stt
1529 2159 1653 2247 quarn
1669 2162 1760 2220 cor,

195 2319 271 2406 pus
298 2290 348 2374 ab
372 2306 488 2398 aquae
519 2279 561 2361 in
589 2271 679 2360 vase
709 2264 922 2374 stagnantis
952 2261 1165 2346 altitudine
1193 2257 1277 2339 HG
1297 2258 1363 2340 vel
1390 2254 1455 2339 IG
1481 2257 1669 2344 cadendo
1696 2289 1760 2346 ac·

194 2417 359 2530 quirere
390 2395 597 2519 potuisset.
661 2387 784 2478 Facio
817 2387 958 2499 utique
986 2383 1270 2495 experimento
1305 2378 1442 2463 inveni
1469 2380 1597 2490 quod,
1626 2382 1761 2471 fralti·

196 2539 301 2627 tudo
321 2556 431 2647 aquae
454 2519 666 2637 stagnantis
689 2516 805 2625 supra
835 2510 1018 2595 foramen
1047 2505 1144 2591 esset
1173 2503 1317 2614 viginti
1347 2503 1573 2612 digitorum
1602 2506 1645 2590 dc
1671 2509 1760 2594 alti·

194 2663 301 2746 tudo
327 2650 534 2741 foraminis
560 2647 674 2754 supra
701 2639 865 2750 planum
891 2633 1097 2717 horizonti
1128 2629 1358 2740 parallelum
1386 2624 1483 2709 esset
1509 2652 1676 2741 quoque
1705 2635 1764 2719 vi.

197 2783 302 2895 ginti
336 2777 576 2886 digitorum,
613 2791 715 2850 vena
746 2786 860 2873 aquae
889 2753 1129 2866 prosilientis
1160 2752 1361 2836 incideret
1389 2749 1432 2834 in
1468 2751 1632 2864 planum
1658 2753 1760 2842 illud

197 2907 249 2992 ad
269 2901 494 2990 distantiam
523 2895 748 3004 digitorum
764 2877 768 2886 ’
779 2911 826 2986 37
851 2882 1016 2967 circiter
1037 2907 1059 2964 a
1088 2877 1383 2993 perpendiculo
1402 2877 1516 2989 quod
1535 2878 1576 2962 in
1594 2873 1763 2991 'planum

196 3030 298 3118 illud
328 3056 351 3112 a
377 3021 576 3109 foramine
605 3009 897 3097 demittebatur
925 3026 1096 3115 captam.
1152 3001 1258 3084 Nam
1293 2999 1374 3085 stne
1401 3002 1632 3103 resistentia,
1660 3033 1763 3094 vena

197 3153 381 3242 incidere
407 3140 605 3233 debuisset
629 3140 671 3223 in
701 3137 864 3246 planum
896 3129 995 3215 illud
1022 3127 1072 3212 ad
1096 3127 1323 3211 distantiam
1350 3124 1575 3232 digitorum
1602 3157 1668 3236 40,
1693 3159 1765 3220 ex.

198 3283 343 3368 islente
370 3297 484 3358 venae
509 3263 750 3377 parabolicae
776 3259 901 3340 latere
923 3253 1037 3338 resto
1064 3251 1292 3358 digitorum
1320 3247 1386 3330 80.

258 3403 350 3508 Cas
364 3431 401 3504 4.
427 3389 666 3504 Quinetiam
682 3407 784 3492 aqua
806 3377 989 3472 effluens,
1018 3372 1217 3458 srfutfum
1235 3373 1402 3469 feratur,
1427 3371 1572 3457 eadem
1602 3377 1764 3486 egredi.

201 3549 381 3614 turcum
402 3515 632 3604 velocitate.
688 3502 883 3591 Ascendit
902 3503 1012 3586 enim
1036 3524 1150 3613 aquae
1180 3500 1380 3592 exilientis
1408 3523 1509 3582 vena
1536 3524 1656 3609 parva
1677 3529 1764 3588 mo.

199 3676 246 3739 tu
269 3637 595 3766 perpendiculari
633 3631 683 3717 ad
711 3653 827 3744 aquae
858 3624 1018 3711 invase
1048 3623 1264 3732 stagnantis
1292 3621 1549 3708 altitudinem
1579 3627 1676 3710 GH
1698 3629 1768 3716 vel

201 3780 241 3862 G
250 3777 289 3874 I,
329 3771 403 3860 nili
432 3785 631 3883 quatenus
663 3755 845 3876 ascensus
885 3751 971 3860 ejus
1002 3751 1051 3836 ab
1080 3750 1183 3835 aeris
1218 3747 1437 3834 resistentia
1474 3750 1766 3861 aliquantulum

200 3895 474 4008 impediatur,
510 3914 558 3972 ac
591 3880 768 3995 proinde
794 3895 841 3963 ea
865 3869 995 3961 effluit
1028 3897 1124 3957 curn
1151 3872 1369 3964 velocitate
1401 3895 1523 3983 quam
1555 3873 1605 3956 ab
1632 3876 1765 3962 altitu·

202 4021 299 4106 dine
327 4020 391 4100 illa
422 4009 610 4098 cadendo
641 4001 855 4116 acquirere
889 3996 1091 4110 potuisset.
1146 3997 1280 4107 Aqua
1322 3995 1535 4105 stagnantis
1570 3998 1766 4105 particula

200 4166 457 4258 unaquaeque
486 4134 668 4244 undique
701 4127 900 4241 premitur
924 4123 1136 4236 aequaliter
1166 4128 1258 4234 (per
1278 4149 1394 4236 prop.
1420 4151 1513 4208 xrx.
1542 4123 1609 4207 lib.
1636 4129 1691 4230 2.)
1720 4125 1766 4209 dt

200 4267 395 4386 preffioni
427 4259 618 4348 cedendo
655 4251 798 4367 aequali
823 4247 979 4360 impetu
1005 4249 1047 4334 in
1074 4271 1216 4332 omnes
1248 4245 1381 4358 partes
1408 4248 1552 4344 fertur,
1593 4248 1673 4335 stvc
1693 4249 1767 4334 de·

203 4393 368 4480 scendat
393 4414 466 4501 per
497 4384 680 4470 foramen
709 4379 751 4463 in
781 4373 913 4461 fundo
941 4373 1052 4472 vafrs,
1086 4369 1167 4458 siv'e
1198 4372 1506 4458 horizontaliter
1530 4369 1666 4456 effluat
1692 4399 1768 4485 per

204 4518 389 4602 foramen
407 4515 450 4596 iu
476 4509 560 4620 ejus
587 4511 726 4601 latere,
754 4501 834 4586 srve
853 4499 1087 4610 egrediatur
1115 4498 1158 4582 in
1184 4501 1365 4583 canalem
1393 4495 1436 4579 &
1463 4494 1559 4580 inde
1578 4496 1767 4592 ascendat

203 4636 481 4750 perforamen
509 4657 677 4744 parvum
706 4629 749 4711 in
777 4625 985 4736 superiore
1003 4624 1151 4710 canalis
1177 4639 1293 4734 parte
1318 4619 1480 4707 fasium.
1536 4617 1590 4704 Et
1617 4620 1769 4702 veloci·

205 4779 331 4848 tatem
348 4781 429 4873 qua
448 4782 551 4870 aqua
571 4753 701 4844 effluit
729 4775 818 4838 eam
833 4743 931 4957 effre}
952 4771 1076 4862 quarn
1094 4748 1137 4834 in
1157 4748 1232 4834 hac
1259 4747 1536 4862 propofitione
1564 4737 1770 4852 affignavi-

816 4917 821 4924 ·
955 4897 1035 4958 112
1282 4927 1283 4932 η
1663 4886 1790 4966 mus„
