4352 5646
447 283 844 384 PRINClPlA
891 281 1485 382 MATttuttA-thn
1653 287 1748 413 381

182 464 296 550 tione
315 457 358 545 dt
384 460 671 556 retardatione,
699 485 822 574 quam
851 459 925 547 stnt
951 487 1095 546 eorum
1120 479 1306 572 tempora
1341 462 1551 602 periodica
1574 477 1619 546 ut
1649 487 1745 574 qua·
1760 463 1926 602 stim

181 591 294 674 drata
321 586 595 672 distantiarum
625 615 647 670 a
669 607 813 672 centro
834 587 1011 672 vorticis
1066 585 1159 670 Alia
1186 587 1292 670 nulla
1320 587 1486 670 vorticis
1510 585 1747 672 constitutio
1786 560 1976 604 ⁵c⁰⁸⁰⁰⁸

182 712 316 827 potest
333 708 411 796 elle
433 735 684 823 permanens.

238 838 365 923 Cras
387 837 421 920 8.
450 837 491 920 Si
511 863 590 932 vas,
611 835 789 922 fluidum
808 836 1017 932 inclusum,
1038 835 1080 918 8<
1090 801 1244 975 globus
1262 833 1430 920 servent
1440 837 1547 920 bunc
1569 856 1746 941 motum,

178 957 224 1043 ἃ
249 980 368 1044 motu
400 980 597 1070 praeterea
627 963 837 1046 communi
873 959 1052 1070 angulari
1080 961 1190 1044 circa
1225 984 1342 1044 axem
1381 961 1565 1099 quemvis
1606 959 1753 1044 darunt

177 1086 439 1168 revolvantur
458 1120 467 1177 ς
499 1085 692 1197 quoniam
715 1086 795 1168 boc
818 1106 938 1169 motu.
954 1111 1064 1168 novo
1082 1111 1166 1168 non
1189 1104 1367 1168 mutatur
1388 1083 1548 1167 attritus
1572 1085 1746 1196 partium

177 1205 298 1292 fluidi
319 1206 414 1293 inse
430 1209 620 1304 invicem,
647 1234 731 1292 non
756 1210 1021 1294 mutabuntur
1044 1230 1179 1293 motus
1196 1209 1372 1320 partium
1399 1209 1505 1292 inter
1529 1208 1580 1291 be.
1637 1209 1743 1298 Nam

179 1330 456 1417 translationes
484 1334 660 1442 partium
687 1333 795 1416 inter
814 1334 853 1418 se
882 1335 1064 1446 pendent
1084 1334 1134 1418 ab
1159 1334 1314 1418 attritu.
1368 1327 1463 1417 Pars
1484 1333 1751 1446 quaelibeti'n·

178 1481 232 1539 eo
254 1453 526 1565 perseverabit
545 1477 677 1554 motu,
704 1481 789 1567 quo
808 1455 854 1540 lit
874 1477 918 1540 ut
937 1459 1078 1542 attritu
1099 1482 1152 1542 ex
1170 1483 1255 1542 uno
1274 1457 1400 1541 latere
1417 1481 1500 1542 non
1523 1465 1646 1564 magis
1663 1475 1743 1542 tar·

178 1579 300 1665 detur
320 1604 441 1692 quarn
473 1583 723 1666 acceleretur
750 1585 891 1666 attritu
916 1585 1126 1668 exaltero.

235 1703 357 1786 Coros.
380 1732 415 1807 9.
447 1700 569 1790 Unde
589 1705 617 1789 fi
639 1731 706 1790 vas
734 1706 912 1818 quiescat
934 1734 980 1790 ac
1004 1707 1125 1790 detur
1151 1725 1286 1790 motus
1310 1703 1437 1816 globi,
1465 1703 1627 1791 d'abitur
1651 1732 1745 1792 mm

176 1843 242 1908 tus
262 1823 392 1909 fluidi.
449 1824 556 1910 Nam
577 1829 751 1939 concipe
782 1830 944 1940 planum
969 1829 1133 1914 transire
1165 1856 1238 1942 per
1265 1852 1384 1912 axem
1408 1829 1520 1938 globi
1550 1828 1592 1911 de
1621 1844 1740 1916 motu

175 1953 381 2034 contrario
404 1951 587 2047 revolvi;
618 1952 662 2035 δι
690 1979 800 2065 pone
825 1954 1023 2041 summam
1044 1955 1244 2068 temporis
1263 1951 1532 2038 revolutionis
1559 1953 1742 2061 hujus&

174 2075 442 2160 revolutionis
465 2077 578 2183 globi
603 2074 684 2161 else
711 2078 761 2161 ad
790 2099 947 2186 tempus
973 2077 1239 2162 revolutionis
1268 2077 1394 2186 globi,
1422 2095 1468 2159 ut
1495 2075 1743 2188 quadrarunt

174 2199 463 2286 semidiametri
490 2199 587 2283 vasis
617 2200 670 2283 ad
704 2202 948 2311 quadratum
983 2199 1274 2285 semidiametri
1309 2199 1442 2307 globi:
1480 2199 1529 2282 ἃ.
1551 2220 1741 2313 tempora·

173 2321 388 2434 periodica
407 2324 590 2433 partium
606 2322 726 2406 fluidi
758 2321 943 2433 respetlu
968 2323 1079 2436 pleni
1101 2320 1217 2431 hujus
1232 2325 1364 2433 erunt
1387 2340 1433 2405 ut
1459 2321 1653 2432 quadrata
1675 2323 1740 2408 di-²

172 2446 404 2530 llantiarum
426 2446 583 2529 suarum
603 2476 625 2530 a
643 2463 788 2531 centro
806 2448 930 2556 globi.

229 2570 436 2653 Curatio.
479 2568 706 2656 Proindesr
733 2597 800 2656 vas
825 2573 889 2656 vel
907 2571 1152 2657 circaaxem
1171 2571 1352 2662 eundern
1375 2596 1487 2655 cum.
1505 2571 1644 2682 globo,
1670 2571 1741 2658 vel

171 2693 283 2777 circa
313 2691 518 2782 diversum
542 2696 719 2806 aliquem
748 2695 843 2779 data
866 2722 975 2804 cum.
988 2696 1209 2782 velocitate
1236 2721 1479 2809 quacunque
1509 2715 1742 2795 moveatur,

170 2816 334 2900 dabitur
363 2836 498 2902 motus
531 2817 659 2918 fluidi.
715 2820 821 2906 Nam
851 2817 1220 2931 srsyllematitoti.¹
1242 2815 1445 2905 auferatur
1476 2813 1572 2900 valis
1600 2840 1737 2905 motus

169 2943 382 3047 angularis,
412 2941 631 3030 manebunt
659 2967 794 3044 motus
818 2973 961 3034 ornnes
990 2947 1118 3033 iidem
1138 2948 1246 3031 inter
1264 2945 1390 3056 sequi
1416 2943 1540 3055 prius,
1568 2970 1641 3056 per
1662 2951 1736 3030 coi·

167 3063 241 3146 rol.
262 3091 373 3148 verr.
403 3061 458 3150 Et
482 3088 621 3162 motus
640 3067 701 3152 illi
723 3095 796 3179 per
815 3072 942 3155 corol.
972 3097 1033 3154 1x.
1061 3068 1277 3154 dabuntur.

224 3189 350 3275 Coros.
380 3216 446 3272 11..
477 3188 519 3274 Si
551 3217 618 3290 vas
646 3189 690 3275 u
717 3191 890 3279 fluidum
923 3193 1131 3305 quiescant
1163 3190 1210 3277 &
1235 3189 1379 3300 globus
1409 3186 1734 3277 uniformi‘cum

167 3327 286 3392 motu
317 3311 562 3406 revolvatur,
599 3314 891 3422 propagabitur
918 3333 1054 3395 motus
1081 3311 1274 3422 paulatim
1301 3334 1374 3420 per
1403 3308 1577 3392 fluidum
1597 3328 1738 3396 totum,

166 3431 211 3518 in
231 3457 312 3530 vas,
339 3433 702 3542 &circumagetur
721 3463 787 3520 vas
802 3435 1095 3521 nisr.violenter
1117 3436 1346 3531 detentum,
1375 3457 1507 3546 neque
1530 3433 1640 3544 prius
1660 3435 1734 3518 de²

164 3553 295 3640 sinent
319 3551 496 3640 fluidum
524 3553 568 3638 &
592 3581 659 3642 vas
680 3557 914 3656 accelerari,
941 3581 1063 3671 quam
1081 3557 1155 3642 stnt
1176 3577 1319 3641 eorum
1334 3573 1529 3666 „tempora
1554 3556 1735 3665 periodi:

164 3703 212 3762 ca
241 3678 421 3789 aequalia··
432 3678 685 3789 temporibus
719 3680 938 3792 periodicis
958 3681 1083 3790 globi.
1139 3679 1325 3791 Quo'd'st
1349 3704 1415 3760 vas
1441 3678 1482 3761 vi
1511 3679 1640 3791 aliqua
1661 3682 1734 3765 dez

163 3801 339 3886 tineatur
364 3803 429 3886 vel
456 3803 689 3888 revolvatur
717 3824 837 3889 motu
853 3805 999 3917 quovis
1019 3803 1217 3890 constanti
1238 3801 1281 3886 de
1299 3802 1508 3898 uniformi,
1536 3801 1730 3890 deveniet

161 3926 347 4010 medium
377 3927 570 4036 paulatim
595 3928 646 4011 ad
674 3928 818 4013 statum
846 3948 981 4015 motus
999 3930 1054 4014 in.
1072 3927 1294 4017 corollariis
1317 3953 1431 4008 v111.
1453 3953 1514 4008 rx.
1539 3925 1582 4007 dt
1598 3952 1637 4009 x.
1656 3929 1729 4012 de:

162 4044 281 4145 liniti,
307 4074 384 4132 nec
417 4050 565 4133 idalio
593 4076 770 4163 unquam
810 4054 911 4138 llatu
944 4078 1194 4167 quoeunque
1225 4048 1508 4164 perseverabit.
1565 4043 1731 4134 Deinde

161 4197 262 4258 vero
284 4173 326 4270 fi,
355 4173 506 4256 viribus
530 4173 605 4256 illis
626 4175 869 4262 cessantibus
897 4179 1043 4290 quibus
1069 4204 1136 4262 vas
1158 4177 1199 4260 &
1229 4176 1372 4289 globus
1400 4175 1521 4260 certis
1549 4175 1739 4262 motibus-

159 4297 488 4396 revolvebantun
517 4300 777 4409 permittatur
803 4300 977 4412 systema.
996 4321 1133 4388 totum
1157 4302 1314 4414 legibus
1339 4296 1616 4410 ¹mechanicis3
1659 4328 1726 4388 vas

163 4417 206 4502 δι
231 4424 372 4528 globus
394 4423 437 4506 in
465 4421 505 4507 se
536 4423 714 4508 invicem
743 4446 864 4536 agent
896 4427 1104 4514 mediante
1135 4427 1283 4527 fluido,
1311 4450 1445 4539 neque
1474 4444 1609 4509 motus
1636 4426 1735 4509 suos-

160 4543 263 4628 inse
293 4567 436 4632 mutuo
465 4573 547 4658 per·
570 4547 747 4636 fluidum
769 4577 997 4664 propagare
1029 4552 1140 4666 prius
1169 4544 1387 4647 oellabunt,
1425 4572 1546 4660 quam
1580 4571 1726 4633 eorum
1824 4541 1827 4549 ’

160 4687 350 4781 tempora
387 4672 597 4780 periodica
629 4695 842 4788 aequentur
868 4675 976 4790 inter
999 4669 1125 4777 se,&
1158 4675 1322 4788 systema
1357 4691 1491 4760 totum
1521 4670 1574 4756 ad
1607 4671 1728 4757 instat.

159 4792 343 4906 corporis
358 4793 478 4882 unius
497 4795 614 4885 solidi
632 4799 748 4888 srmul
768 4801 1011 4890 revolvatur.
1089 4817 1092 4826 '

1517 5047 1723 5134 Sehrlivm.
