4450 5674
447 269 475 345 2
676 229 1244 340 .PHILOSOPHIAE
1291 233 1750 346 NATURALIS

897 638 1412 740 nummulo
1481 597 1610 740 111(

446 840 664 951 Materia
690 839 757 947 vis
782 840 912 977 instra
944 841 1010 951 rii
1032 845 1235 984 putentia
1262 844 1513 982 restfiendi,
1561 887 1654 986 qua
1681 879 1832 990 corpus
1857 887 2016 952 unam·

518 994 744 1134 quodque,
794 1025 1013 1135 quantum
1042 997 1157 1122 inse
1188 999 1269 1126 eu,
1312 1005 1590 1140 perseverat·
1603 1001 1651 1100 in
1683 1005 1805 1104 §iata
1826 1011 1908 1130 stro
1942 1006 2021 1108 vel

453 1199 458 1206 ·
517 1153 763 1290 quiescendi
788 1157 865 1257 vel
886 1153 1086 1256 movendi
1114 1155 1392 1290 uniformiter
1418 1153 1465 1252 in
1497 1155 1725 1262 direuum.
1953 1185 1957 1192 ’

500 1415 611 1506 Haec
636 1419 794 1534 semper.
819 1423 1133 1536 proportionalis
1160 1421 1219 1510 est
1244 1420 1316 1510 suo
1335 1420 1527 1538 'corpori
1566 1449 1701 1538 neque
1729 1421 1869 1514 differt
1898 1428 2012 1542 quic·

444 1569 570 1659 quam
598 1548 649 1632 ab
682 1548 826 1636 inertia
855 1547 999 1648 massae,
1038 1548 1110 1635 nisr
1135 1546 1178 1633 in
1207 1551 1335 1635 modo
1365 1550 1639 1659 concipiendi.
1710 1551 1788 1638 Per
1826 1556 2012 1642 inertiam

447 1676 628 1760 materiae
655 1675 714 1775 fit,
736 1697 783 1762 ut
802 1703 951 1792 corpus
976 1673 1100 1762 omne
1120 1674 1174 1760 de
1197 1675 1298 1762 statu
1320 1677 1392 1763 suo
1417 1679 1481 1760 vel
1501 1677 1739 1789 quiescendi
1760 1681 1825 1776 vel
1847 1708 2012 1772 moven-

445 1797 490 1885 di
516 1797 740 1888 difficulter
766 1802 1020 1896 deturbetur.
1076 1801 1200 1896 Unde
1231 1804 1355 1894 etiam
1385 1803 1445 1892 vis
1466 1805 1580 1892 infra
1605 1805 1771 1894 nomine
1792 1807 2011 1920 fignificat]-

446 1926 599 2013 tiffimo
626 1929 685 2012 vis
713 1926 871 2014 inertiae
902 1928 985 2014 dici
1012 1925 1146 2041 poffit.
1202 1921 1382 2012 Exercet
1405 1953 1507 2012 vero
1538 1953 1686 2046 corpus
1713 1931 1815 2016 hanc
1843 1935 1928 2021 vim
1953 1937 2013 2020 so·

412 2051 660 2138 iummodo
694 2055 736 2141 in
768 2055 994 2140 mutatione
1028 2051 1148 2136 status
1176 2049 1235 2135 sui
1264 2077 1337 2163 per
1371 2050 1456 2137 vim
1486 2055 1605 2157 eliam
1637 2055 1679 2140 in
1715 2054 1756 2140 se
1786 2054 2012 2171 impressam

444 2169 576 2282 friia3
612 2181 750 2296 estque
772 2183 1015 2271 exercitium
1034 2179 1134 2274 illud
1159 2179 1231 2268 sub
1258 2177 1422 2268 diverso
1449 2180 1632 2293 respeuu
1658 2182 1702 2266 δι
1728 2183 1944 2275 resistentia
1970 2193 2012 2277 δι

444 2308 653 2424 impetus:
683 2308 932 2407 Refistentia,
959 2329 1158 2420 quatenus
1183 2303 1412 2420 corpus'ad
1440 2303 1763 2393 conservandum
1790 2311 1934 2404 statum
1954 2319 2012 2404 su·

444 2463 517 2527 um
536 2433 753 2521 reluiiatur
772 2437 812 2520 vi
832 2431 1055 2640 imgreism
1083 2435 1272 2542 impetus,
1298 2453 1497 2548 quatenus
1523 2459 1670 2548 corpus
1699 2435 1824 2535 idem,
1858 2441 1897 2524 vi
1919 2443 2012 2530 resr-

444 2567 583 2655 ssentis
608 2561 809 2651 ‘obstaculi
837 2559 879 2644 di
916 2555 1061 2644 'culter
1089 2559 1305 2657 cedendo,
1340 2581 1511 2646 conatur
1528 2563 1674 2656 statum
1693 2565 1885 2654 obstaculi
1905 2569 2009 2654 illius

442 2714 612 2780 mutare.
652 2687 811 2798 Vulgus
837 2679 1095 2768 refistentiam
1120 2682 1420 2796 quiescentibus
1446 2684 1490 2768 ἃ
1524 2686 1724 2799 impeturn
1754 2693 2012 2776 moventibus

444 2819 615 2905 tribuit:
652 2815 722 2900 sed
750 2829 888 2899 motus
915 2809 960 2894 δι
979 2810 1107 2926 quies,
1133 2811 1195 2896 uti
1226 2813 1351 2922 vulgo
1380 2813 1689 2924 concipiuntur,
1717 2812 1900 2928 respeiiu
1926 2817 2014 2904 solo

444 2943 747 3056 distinguuntur
766 2943 816 3028 ab
840 2943 1016 3026 invicem
1035 2977 1046 3038 3
1074 2965 1209 3054 neque
1228 2939 1388 3057 semper
1404 2967 1502 3027 vere
1529 2939 1754 3062 quiescunt,
1773 2969 1866 3062 quae
1887 2949 2015 3058 vulgo

445 3097 636 3194 tanquam
655 3069 902 3188 quiescentia
921 3063 1161 3180 speerantur'.

882 3425 1422 3528 DEFINITIO
1488 3425 1574 3527 lv.

441 3637 538 3750 ,Vis
566 3634 781 3774 imreffir
807 3631 871 3732 eii
903 3626 1018 3733 aiiii
1045 3631 1094 3726 in
1124 3659 1272 3767 cerpus
1299 3625 1509 3747 exercita,
1547 3625 1618 3727 ad
1636 3622 1898 3726 mutandum
1922 3630 2012 3753 rjus

512 3792 682 3894 flatum
702 3788 778 3888 vel
793 3783 1039 3923 quiesirudr
1054 3784 1130 3883 vel
1141 3778 1345 3882 morundi
1359 3776 1635 3912 uniformiter
1651 3779 1699 3881 in
1715 3783 1945 3881 direiium.

496 4053 686 4142 Confissit
712 4053 801 4136 haec
829 4050 955 4134 visin
983 4048 1138 4134 afflone
1158 4046 1251 4148 sola,
1289 4071 1423 4160 neque
1451 4045 1542 4158 post
1564 4043 1764 4131 aiiionem
1796 4064 2007 4156 permanet

442 4188 485 4273 in
504 4209 689 4295 corpore.
746 4179 980 4264 Perseverat
1006 4178 1118 4261 enim
1142 4203 1291 4288 corpus
1313 4179 1359 4262 in
1386 4175 1488 4262 iiatu
1508 4177 1622 4260 omni
1652 4201 1761 4258 novo
1783 4197 1856 4283 per
1883 4171 2008 4254 solam

442 4313 533 4402 vim
554 4308 722 4406 inertiae.
779 4301 849 4393 Est
881 4324 1021 4390 autem
1044 4305 1104 4386 vis
1129 4302 1313 4416 impreffa
1339 4299 1592 4390 diversarum
1621 4300 1840 4414 originum,
1878 4315 1923 4382 ut
1953 4317 2013 4380 ex

443 4437 540 4539 iiiu,
568 4463 621 4526 ex
641 4431 857 4550 preffione,
885 4459 938 4524 ex
962 4432 1002 4519 vi
1022 4432 1259 4548 centripeta.
1583 4429 1585 4436 ‘
1744 4443 1745 4446 ‘
