4352 5646
424 291 523 383 410
689 247 1714 354 rumosomrtaunruuams

213 430 260 488 ¹³⁵
277 431 392 490 Muta
422 447 557 514 motus
590 453 662 538 per
689 428 798 512 vices
821 427 1069 519 acceleratur
1097 423 1140 508 δι
1173 424 1413 512 retardatur.
1468 417 1597 510 Error
1622 443 1755 510 tamen
1783 425 1919 515 omnis
1949 429 2000 510 in

208 510 392 572 terrram
420 574 536 638 motu
567 553 651 660 ejus
683 555 840 637 circum
866 551 992 636 solem
1020 579 1042 634 a
1070 569 1179 636 tanta
1202 552 1243 634 vi
1265 550 1460 636 oriundus
1489 553 1776 662 (praeterquam
1805 549 1846 634 in
1869 577 1999 638 mutu

419 679 580 787 medio)
599 679 741 762 evitari
761 675 847 760 fere
878 674 1009 787 potest
1036 674 1322 767 constituendo
1352 674 1593 760 umbilicum
1619 675 1856 766 inferiorem
1876 677 2002 762 orbis

420 805 504 914 ejus
535 806 577 890 in
606 803 818 889 communi
848 822 994 887 centro
1027 803 1232 911 gravitatis
1255 800 1361 910 jovis
1387 801 1430 886 dc
1456 799 1546 885 solis
1580 801 1671 910 (per
1696 827 1812 912 prop.
1844 831 1993 890 uxvu.

418 931 484 1016 lib.
507 937 559 1042 1.)
587 927 631 1012 dc
645 951 863 1040 propterea
882 927 952 1010 ubi
976 929 1175 1010 maximus
1202 927 1273 1024 ell,
1301 927 1371 1010 vix
1394 925 1554 1036 superat
1571 934 1723 1011 minuta
1743 927 1829 1012 duo
1846 931 1995 1040 prima.

419 1053 474 1140 Et
502 1079 618 1138 error
655 1053 853 1138 maximus
880 1054 920 1134 in
952 1072 1069 1134 motu
1103 1053 1242 1136 medio
1273 1052 1343 1136 vix
1368 1051 1528 1161 superat
1554 1054 1709 1137 minuta
1733 1055 1823 1138 duo
1857 1057 1994 1166 prima

420 1180 637 1264 annuatim.
693 1177 735 1262 ln
764 1176 1050 1286 conjunslione
1075 1199 1211 1261 autem
1237 1177 1347 1282 jovis
1366 1175 1410 1258 dr
1430 1174 1580 1260 saturni
1598 1178 1812 1288 gravitates
1833 1183 1993 1266 accele-

419 1306 585 1390 ratrices
612 1301 702 1388 solis
727 1305 770 1386 in
794 1303 1015 1398 saturnum,
1047 1302 1152 1411 juvis
1182 1303 1223 1388 in
1248 1304 1457 1390 saturnum.
1481 1301 1524 1385 δι
1547 1300 1652 1410 jovis
1679 1305 1722 1388 in
1753 1304 1879 1390 solem
1901 1307 1994 1392 sunt

420 1495 507 1578 fere
540 1513 586 1577 ut
629 1499 689 1590 16,
725 1491 769 1573 81
808 1489 851 1576 dc
882 1424 1215 1558 ΜΨ
1241 1492 1310 1577 seu
1339 1497 1507 1600 156609,
1546 1493 1722 1603 ideoque
1758 1491 2003 1583 differentia.

1015 1588 1065 1662 25

420 1682 663 1790 gravitatum
690 1678 779 1766 solis
807 1679 847 1764 in
869 1680 1076 1768 saturnum
1099 1682 1141 1766 ἃ
1166 1682 1271 1793 jovis
1296 1681 1338 1766 in
1365 1680 1571 1766 saturnum
1596 1681 1654 1766 est
1679 1681 1730 1768 ad
1748 1685 2003 1800 gravitatem·

415 1807 520 1916 jovis
549 1808 589 1892 in
621 1805 744 1889 solem
775 1825 821 1888 ut
849 1813 898 1907 65
923 1809 974 1890 ad
1006 1813 1158 1914 156609
1181 1807 1249 1892 seu
1277 1834 1293 1887 1
1325 1805 1375 1891 ad
1408 1833 1526 1910 2409,⁸
1592 1801 1710 1890 Huic
1748 1830 1886 1893 autem
1913 1811 1989 1896 dis·

420 1931 603 2016 ferentiae
622 1931 936 2040 proportionalis
952 1932 1009 2016 est
1028 1935 1201 2018 maxima
1220 1933 1368 2016 saturni
1391 1929 1573 2016 efficacia
1591 1934 1642 2017 ad
1666 1937 1997 2045 perturbandum*

420 2079 580 2142 motum
597 2055 717 2166 jovis,
748 2054 791 2138 dc
810 2079 1026 2168 propterea
1045 2061 1298 2170 perturbatio
1320 2058 1429 2142 orbis
1446 2059 1602 2168 jovialis
1628 2063 1751 2170 longe
1771 2065 1907 2148 minor
1932 2067 1984 2150 est

421 2210 544 2297 quam
566 2211 613 2268 ea
649 2182 839 2267 saturnii..
880 2182 1155 2298 Reliquorum
1183 2187 1346 2272 orbium
1380 2185 1707 2296 perturbationes
1733 2187 1826 2274 sunt
1855 2193 1985 2278 adhuc

420 2314 543 2420 longe
571 2309 763 2405 minores,
799 2329 1071 2423 praeterquam
1102 2313 1216 2424 quod
1244 2313 1353 2398 orbis
1380 2333 1508 2402 terrae,
1522 2311 1756 2397 sensibiliter
1780 2321 1987 2426 perturba·

418 2437 634 2526 turaluna.
662 2433 901 2522 Commune
914 2457 1102 2522 centrum
1115 2440 1322 2548 gravitatis
1341 2438 1652 2536 terradalunae,
1665 2440 1813 2552 ellipsin
1828 2443 1997 2532 circum·¹

419 2560 545 2649 solem
566 2558 609 2642 in
628 2554 825 2642 umbilico
845 2556 1017 2669 posrtum
1044 2562 1261 2669 percurrit,
1290 2561 1333 2646 &
1367 2559 1485 2648 radio
1512 2561 1562 2648 ad
1588 2559 1712 2650 solem
1730 2562 1852 2648 dudo
1869 2593 1985 2652 areas

417 2693 459 2774 in
493 2687 638 2772 eadem
669 2685 922 2794 temporibus
950 2690 1280 2798 proportionales
1308 2688 1515 2784 describit,
1552 2708 1662 2774 terra
1700 2715 1796 2776 vero
1825 2692 1995 2780 circum.

419 2815 499 2902 boc
521 2831 709 2896 centrum
736 2833 959 2893 commune
980 2813 1585 2904 motumcnslruorevolvitur.

523 3114 1167 3238 uuorosrulo‘xru
1253 3139 1694 3248 Tuuouumn
1742 3145 1872 3246 xiv.

767 3319 949 3419 Orbium
971 3323 1152 3462 aphelia
1175 3323 1237 3430 ἔθ’
1261 3326 1362 3425 nodi
1386 3325 1620 3462 quiestamt.

470 3573 642 3682 A'phella
663 3565 891 3682 quiescunt,
923 3593 1003 3679 per
1017 3595 1132 3680 prop.
1159 3600 1221 3658 xa.
1257 3572 1324 3655 lib.
1343 3599 1374 3653 1.
1410 3593 1456 3656 ut
1484 3573 1528 3657 ὅτ
1555 3573 1718 3663 orbium
1745 3578 1877 3686 plana,
1911 3607 1995 3692 per.

415 3698 594 3806 ejusdem
617 3693 708 3776 libri
735 3717 850 3801 prop.
883 3720 914 3772 1.
945 3691 988 3775 dc
1020 3694 1320 3807 quiescentibus
1349 3698 1475 3808 planis
1501 3699 1715 3812 quiescunt
1741 3703 1851 3787 nodi.
1904 3707 1983 3788 At·

413 3842 549 3904 tamen
571 3845 592 3898 a
614 3816 865 3924 planetarum
890 3819 1188 3902 revolventium
1216 3821 1259 3904 dc
1287 3845 1542 3908 cometarum
1567 3821 1787 3915 adionibua
1801 3827 1844 3910 in
1860 3825 1902 3910 se
1918 3829 1981 3912 in-

412 3941 558 4024 vicem,
579 3938 763 4020 orientur
801 3937 1099 4050 inaequalitates-
1128 3940 1287 4054 aliquae,
1323 3943 1390 4028 sed
1426 3969 1519 4056 quae
1552 3947 1609 4032 ob
1643 3948 1881 4059 parvitatem
1913 3951 1994 4036 hic.

412 4063 623 4150 contemni
642 4060 814 4174 possunt.

466 4192 592 4273 Corol.
611 4219 643 4272 1.
671 4187 899 4302 Quielcunt
925 4192 1046 4275 etiam
1075 4191 1197 4278 llellae
1223 4193 1329 4290 fixae,
1360 4216 1577 4308 propterea
1597 4199 1849 4312 quoddatas
1871 4201 1918 4285 ad
1937 4229 1988 4284 a·-

410 4317 542 4427 phelia
564 4317 776 4427 nodosque
801 4316 1019 4426 positiones
1044 4317 1213 4404 servant.

465 4442 592 4525 Coros.
615 4473 652 4522 2.
680 4441 865 4553 Ideoque
895 4444 1190 4529 cumnulla.srt
1217 4473 1355 4532 earum
1380 4451 1585 4559 parallaxis
1604 4449 1794 4536 sensibilis
1817 4477 1869 4534 ex
1893 4469 1976 4532 ter·

409 4591 467 4650 τω
486 4579 601 4648 motu
623 4591 757 4648 annuo
776 4566 962 4664 oriunda,
990 4568 1095 4654 vires
1115 4573 1322 4656 earumob
1343 4575 1577 4664 immensam
1598 4601 1825 4687 corporum
1838 4575 1980 4661 dislau-

408 4691 505 4774 tiam
541 4688 671 4773 nullos
704 4689 828 4774 edent
863 4692 1060 4777 sensibiles
1100 4693 1265 4780 effeslus
1298 4701 1338 4780 in
1378 4703 1548 4809 regione
1591 4702 1813 4814 systematis
1846 4702 1978 4787 nostri.

407 4809 610 4922 Quinimo
628 4811 719 4896 fixa
738 4813 780 4898 in
806 4841 949 4902 omnes
976 4820 1073 4902 coeli
1097 4843 1230 4930 partes
1251 4824 1459 4936 aequaliter
1479 4825 1666 4938 dispersae
1689 4826 1907 4917 contrariis
1923 4843 1974 4906 at·

410 4933 668 5024 trallionibus
684 4941 789 5027 vires
819 4963 976 5030 mutuas
998 4945 1222 5050 delituunt,
1249 4973 1322 5062 per
1347 4975 1578 5065 proprcxx.
1608 4957 1732 5040 libr.

1770 5079 1978 5164 Scholinm:
