4312 5652
431 175 1478 304 PR1NCIP1AMATHEMAT1'CA
1659 204 1754 328 169

170 377 337 488 w'Cas
351 409 388 463 2.
419 377 670 522 Fingamus
655 403 737 486 Jam
758 376 923 488 syllema
943 403 1164 490 corporum
1185 379 1388 462 minorum
1414 375 1585 460 modo
1571 399 1652 484 Jam
1680 377 1751 458 de-

10 569 48 587 ..
182 502 340 616 scripto
369 507 476 591 circa
503 507 724 590 maximum
749 505 1062 599 revolventium,
1097 504 1255 588 aliudve
1274 504 1452 616 quodvis
1471 501 1648 585 duorum
1676 505 1754 584 cit·

16 811 36 872 i

184 653 283 715 curn
309 633 349 716 se
376 655 521 716 mutuo
544 630 844 715 revolventium
858 656 1097 766 corporum
1128 630 1291 739 systema
1321 628 1514 738 progredi
1543 628 1754 712 uniformi·

188 770 251 836 ter
269 753 310 837 in
328 753 548 847 directum,
578 751 652 834 dr
642 774 797 836 rnterea
828 751 869 833 vi
892 754 1075 861 corporis
1104 753 1264 838 alterius
1287 753 1407 860 longe
1442 752 1605 834 maximi
1632 749 1676 832 dc
1702 750 1754 832 ad

187 899 376 985 magnam
404 879 634 962 distantiam
665 877 727 960 srti
755 877 892 985 urgeri
916 876 965 958 ad
986 878 1097 960 latus.
1154 872 1208 959 Et
1235 879 1428 987 quoniam
1458 877 1630 987 aequales
1650 877 1755 957 uires

184 1003 506 1099 acceleratrices,
532 1000 680 1113 quibus
711 1025 884 1110 corpora
912 1000 1136 1084 secundum
1168 1002 1288 1083 lineas
1318 1001 1519 1111 parallelas
1545 1017 1757 1110 urgentur,

187 1149 273 1210 non
302 1142 461 1211 mutant
492 1124 586 1208 litus
608 1147 829 1234 corporum
855 1124 906 1209 ad
932 1125 1122 1220 invicem,
1147 1123 1216 1208 sed
1244 1145 1289 1207 ut
1314 1123 1479 1231 systema
1501 1145 1649 1220 toturn,
1676 1124 1754 1207 ser·

186 1249 291 1332 vatis
323 1250 498 1359 partium
527 1248 707 1333 motibus
727 1249 833 1332 inter
856 1247 911 1344 se,
938 1247 1052 1332 srmul
1078 1247 1354 1345 transferatur,
1378 1244 1589 1332 efficiunt:
1628 1249 1758 1332 mani-

188 1371 332 1456 festum
354 1373 410 1456 est
434 1371 562 1484 quod,
589 1397 642 1454 ex
662 1371 964 1457 attradionibus
988 1375 1029 1458 in
1055 1398 1207 1484 corpus
1233 1373 1468 1468 maximum,
1503 1373 1609 1457 nulla
1639 1398 1756 1484 pror-

187 1495 250 1580 sus
283 1497 437 1581 orietur
453 1497 637 1580 'mutatio
674 1520 809 1580 motus
837 1499 1102 1582 attradorum
1127 1500 1235 1583 inter
1259 1496 1314 1594 se,
1347 1495 1420 1580 nisr
1444 1499 1505 1580 vel
1535 1524 1589 1581 ex
1610 1517 1757 1584 attrac-

185 1620 345 1703 tionum
373 1619 705 1702 acceleratricum
738 1620 1023 1731 inaequalitate,
1049 1622 1114 1704 vel
1132 1647 1185 1704 ex
1202 1621 1464 1704 inclinatione
1487 1622 1684 1705 linearum
1703 1622 1754 1707 ad

187 1743 377 1842 invicem,
405 1743 630 1828 secundum
655 1767 754 1854 quas
775 1742 1031 1828 attrasliones
1057 1744 1173 1829 fiunt.
1229 1743 1344 1828 Pone
1367 1769 1469 1852 ergo
1496 1747 1754 1829 attradtiones

181 1894 329 1956 omnes
347 1869 652 1954 acceleratrices
675 1869 717 1950 in
742 1892 890 1978 corpus
918 1869 1140 1954 maximum
1167 1865 1246 1954 esse
1272 1869 1378 1954 inter
1404 1871 1445 1953 se
1473 1873 1688 1984 reciproce
1708 1891 1755 1954 ut

184 1997 380 2109 quadrata
407 1996 711 2090 distantiarum,
743 1993 994 2104 &augendo
1024 1998 1208 2108 corporis
1235 1996 1400 2080 maximi
1426 1997 1664 2096 distantiam,
1682 1995 1757 2082 do·

184 2145 264 2204 nec
283 2115 483 2202 redarum
503 2120 552 2200 ab
571 2118 652 2198 hoc
671 2116 722 2198 ad
742 2120 900 2228 reliqua
919 2117 1133 2203 dudatum
1153 2116 1395 2205 differentiae
1416 2117 1597 2233 tespedlu
1615 2147 1757 2206 earum

184 2243 466 2352 longitudinis,
501 2239 850 2326 &inclinationes
879 2240 930 2327 ad
960 2242 1137 2327 invicem
1166 2243 1344 2328 minores
1368 2243 1463 2342 srnt,
1503 2268 1625 2356 quam
1645 2245 1756 2328 'datae

183 2367 366 2482 quaevis;
394 2363 707 2478 perseverabunt
735 2386 871 2448 motus
896 2365 1072 2475 partium
1099 2367 1316 2478 systematis
1338 2368 1445 2462 inter
1475 2367 1515 2450 se
1543 2369 1623 2452 srne
1644 2394 1757 2452 erro-

183 2497 307 2592 ribus,
344 2492 415 2605 qui
446 2517 532 2576 non
557 2490 633 2574 srnt
655 2490 861 2601 quibusvis
891 2490 997 2574 datis
1021 2491 1211 2576 minores.
1267 2488 1324 2576 Et
1351 2489 1558 2605 quoniam,
1598 2491 1653 2577 ob
1673 2493 1758 2578 exi·

174 2644 308 2727 -guam
333 2618 509 2728 partium
537 2619 690 2702 illarum
711 2615 957 2700 abinvicem
985 2615 1224 2712 dillantiam,
1252 2616 1416 2728 systema
1442 2635 1576 2701 tomm
1601 2618 1650 2700 ad
1669 2643 1758 2703 mo·

185 2745 288 2830 dum
308 2743 491 2852 corporis
513 2742 631 2824 unius
646 2740 902 2846 ‚attrahitura
932 2741 1166 2824 movebitur
1194 2741 1305 2828 idem
1337 2741 1411 2826 hac
1445 2743 1683 2834 attradlione
1703 2740 1757 2826 ad

185 2867 361 2953 modum
384 2864 568 2977 corporis
588 2864 729 2961 unius;
760 2867 839 2947 hoc
855 2863 924 2964 est,
953 2886 1098 2950 centro
1125 2863 1198 2952 suo
1224 2868 1431 2976 gravitatis
1457 2866 1659 2951 describet
1680 2869 1757 2952 cir-

177 2981 233 3077 'ca
257 3016 405 3102 corpus
424 2989 646 3074 maximum
678 2987 899 3073 sessionem
925 2987 1099 3102 aliquam
1130 2991 1318 3074 conicam
1340 2991 1452 3094 (viz.
1471 2985 1756 3101 Hyperbolam

185 3116 252 3201 vel
281 3111 512 3228 parabolam
543 3111 784 3197 attradlione
819 3111 1023 3222 languida,
1064 3111 1218 3221 ellipsin
1244 3110 1448 3221 fortiore)
1485 3109 1529 3192 dc
1559 3111 1676 3195 radio
1702 3112 1756 3198 ad

182 3243 410 3323 maximum
428 3235 554 3323 dudo
573 3235 775 3320 describet
795 3237 1172 3344 areastemporibus
1200 3234 1538 3344 proportionales,
1566 3232 1647 3317 stne
1667 3236 1757 3319 ullis

182 3361 409 3456 erroribus,
435 3359 509 3442 nisr
531 3381 629 3466 quas
653 3357 829 3464 partium
849 3354 1059 3453 distantiae,
1086 3357 1324 3465 perexiguae
1352 3355 1443 3440 sane
1467 3354 1511 3438 δι
1531 3381 1607 3466 pro
1621 3353 1755 3446 lubitu

186 3485 438 3579 minuendae,
462 3482 618 3564 valeant
639 3476 818 3562 efficere.
877 3475 1002 3594 QE.
1022 3481 1071 3562 O.

244 3611 371 3696 Simili
402 3623 643 3718 argumento
670 3628 842 3714 pergere
869 3603 965 3686 licet
992 3601 1042 3687 ad
1072 3602 1181 3690 casus
1207 3607 1336 3716 magis
1360 3603 1607 3718 compofitos
1626 3607 1669 3694 in
1694 3611 1755 3698 in·

182 3738 358 3824 finitum.

245 3861 369 3944 Coros.
392 3887 423 3941 r.
463 3854 508 3941 ln
536 3853 627 3940 casu
656 3854 853 3953 secundo,
880 3882 967 3969 quo
1000 3859 1169 3970 propius
1199 3855 1358 3942 accedit
1391 3883 1539 3969 corpus
1571 3864 1755 3949 omnium

186 3985 412 4070 maximum
446 3980 497 4066 ad
531 3981 696 4092 systema
729 3983 906 4066 duorum
934 3986 1000 4067 vel
1026 3986 1216 4094 plurium,
1257 4009 1309 4066 eo
1330 3985 1455 4092 magis
1485 3984 1754 4072 turbabuntur

188 4131 326 4196 motus
346 4106 522 4218 partium
542 4103 795 4213 systematis
784 4125 890 4189 rnter
917 4106 984 4202 se;
1020 4132 1236 4218 propterea
1262 4106 1375 4216 quod
1403 4109 1598 4191 linearum
1626 4137 1757 4216 acor·

187 4262 289 4349 pore
312 4232 492 4316 maximo
512 4231 561 4314 ad
589 4230 658 4313 has
681 4229 924 4314 dudarum
911 4257 993 4336 Jam
1017 4229 1143 4339 major
1170 4227 1227 4314 est
1251 4230 1459 4317 inclinatio
1485 4230 1573 4315 ad
1562 4234 1753 4383 invicem,

174 4359 397 4472 ,majorque
429 4357 707 4468 proportionis
742 4357 1002 4468 inaequalitas.

246 4484 371 4566 Coros.
389 4513 425 4562 2.
454 4479 640 4564 Maxime
667 4498 802 4564 autem
832 4481 1114 4576 turbabuntur,
1142 4479 1336 4591 ponendo
1357 4479 1471 4591 quod
1497 4483 1757 4576 attrasliones

188 4603 488 4693 acceleratrices
513 4604 689 4712 partium
710 4602 941 4710 syllematis,
967 4601 1102 4684 versus
1130 4627 1277 4712 eorpus
1310 4602 1493 4686 omnium
1521 4605 1757 4710 maximum,

189 4755 274 4818 non
298 4725 370 4808 srnt
397 4725 487 4808 ad
478 4727 654 4810 invicem
688 4726 900 4834 reciproce
930 4743 974 4807 ut
1005 4726 1199 4865 quadrata
1226 4723 1498 4809 distantiarum
1526 4755 1547 4808 a
1573 4753 1756 4862 corpore

185 4857 259 4942 illo
279 4850 490 4950 maximo,
527 4849 801 4962 praesertimsr
832 4850 1109 5052 proportZionis
1134 4829 1266 4956 liujus
1281 4849 1527 4962 inaequalitas
1555 4847 1633 4953 maj
1637 4877 1684 4934 or
1710 4851 1755 4935 sat

1635 4993 1759 5078 quam

1816 373 1942 432 errn

1786 453 1958 516 Paruum
