4450 5674
477 315 543 408 40
764 279 1291 380 unruosortrtn
1338 273 1792 378 Nnrunntts

2173 236 2180 368 l

2175 370 2181 441 l

257 462 312 521 ¹³⁸
334 459 452 516 ΜΘΝ
510 457 636 542 Corol.
659 483 693 538 1.
731 450 941 540 Velocitas
970 455 1153 564 corporis
1183 452 1225 537 in
1252 469 1440 538 centrum
1470 446 1679 532 immobile
1704 441 1860 530 attracti
1885 442 1947 528 est
1980 445 2048 529 itt
2181 476 2186 529 ι

256 545 433 602 carrarca

455 583 588 695 spatiis
606 609 691 667 non
717 580 982 666 resilientibus
1002 581 1213 686 reciproce
1240 595 1285 662 ut
1311 572 1647 688 perpendiculum
1667 599 1690 656 a
1718 591 1863 658 centro
1882 570 1957 654 illo
1981 575 2048 658 in

452 709 563 796 orbis
590 729 823 816 tangentem
849 709 1095 796 rectilineam
1122 701 1348 792 demillum.
1403 699 1474 786 Eli
1498 703 1606 788 enim
1628 701 1820 788 velocitas
1845 701 1888 786 in
1918 702 2048 786 locis

452 835 850 934 illisA,B,C‚‘D,E,

449 983 496 1048 ut
532 963 621 1048 sunt
653 963 763 1047 bases
795 989 849 1046 ae-

449 1089 629 1202 qualium
672 1091 848 1196 triangu·

449 1218 591 1299 lorum
609 1215 658 1296 A
669 1211 718 1308 Β,
752 1212 850 1308 BC,

453 1339 490 1424 C
501 1339 567 1436 D,
591 1339 642 1420 D
658 1335 711 1432 E,
730 1335 824 1418 EF
834 1371 846 1431 r

454 1465 498 1549 δι
533 1465 597 1546 ha
625 1461 734 1544 bases
760 1459 850 1544 sunt

454 1591 667 1702 reciproce
693 1607 738 1670 ut
761 1611 852 1696 per·

452 1717 669 1830 pendicula
691 1713 732 1797 in
750 1710 851 1824 ipsas

455 1837 635 1954 demilla.

513 1967 638 2056 Corol.
658 1993 695 2044 2.
730 1959 772 2044 Si
790 1985 852 2042 ar·

455 2115 580 2180 cuum
606 2087 781 2172 duorum
801 2109 850 2167 ae·

452 2218 634 2332 qualibus
659 2213 854 2325 tempori·
1014 2319 1018 2332 ,
1129 2303 1150 2334 ,ἡ
1454 2301 1467 2320 Ι,

453 2341 527 2425 bus
549 2341 591 2424 in
618 2339 748 2450 spatiis
769 2361 893 2448 non
1362 2321 1493 2454 Ι,,..Ι;·;,·ἰῖἷ···“’

452 2461 851 2550 resrstentibusabeo·
982 2452 1004 2564 ,ll
1066 2459 1112 2576 „5:5¹³
1166 2457 1213 2541 5

451 2592 549 2678 dem
566 2617 740 2702 corpote
765 2587 852 2672 suc·
971 2565 995 2722 l·
1191 2575 1301 2698 „,·.3;:¹-'³³³·'''

452 2718 600 2809 ceffive
630 2715 853 2826 descripto·
961 2799 1131 2864 Ι

452 2875 544 2933 rum
559 2846 725 2930 chotdae
746 2843 854 2938 AB,

455 2971 546 3056 BC
572 2969 851 3077 compleantur
902 2997 931 3080 S

454 3093 496 3178 in
536 3091 855 3203 parallelogram-

454 3243 564 3305 mum
580 3218 628 3301 A
636 3213 719 3300 BC
728 3213 786 3311 U,
815 3213 858 3296 lle
875 3212 991 3322 hujus
1011 3214 1230 3324 diagonalis
1255 3217 1293 3298 B
1303 3213 1401 3304 ‘Uin
1427 3245 1473 3303 ea
1501 3220 1698 3332 positione
1725 3243 1848 3332 quarn
1875 3216 2021 3302 ultimo

456 3345 577 3432 habet
599 3344 670 3428 ubi
697 3367 811 3426 arcus
838 3343 894 3425 illi
923 3341 964 3424 in
991 3341 1193 3426 infinitum
1219 3343 1514 3444 diminuuntur,
1537 3345 1787 3458 producatur
1806 3345 2020 3456 utrinquea

456 3471 636 3555 transrbit
656 3469 801 3554 eadem
821 3495 893 3580 per
915 3489 1102 3554 centrum
1122 3469 1281 3553 virium.

514 3581 637 3666 Corol.
659 3607 692 3674 3·
733 3576 775 3662 Si
799 3603 966 3661 arcuum
986 3581 1203 3690 aequalibus
1230 3580 1481 3688 temporibus
1510 3579 1550 3663 in
1576 3578 1708 3690 spatiis
1738 3605 1823 3666 non
1841 3579 2020 3666 resisten-

458 3704 565 3788 tibus
595 3702 890 3810 descriptorum
921 3703 1087 3786 chordae
1107 3707 1155 3788 A
1163 3705 1212 3801 B,
1242 3704 1279 3785 B
1294 3707 1330 3788 C
1350 3733 1396 3790 ac
1423 3705 1537 3802 DE,
1566 3705 1608 3786 E
1619 3707 1661 3788 F
1681 3709 1959 3820 compleantur
1978 3707 2021 3790 in

459 3830 828 3944 parallelogramma
847 3829 894 3910 A
904 3826 944 3907 B
955 3827 1053 3923 CU,
1082 3829 1134 3910 D
1149 3829 1190 3910 E
1199 3831 1241 3912 F
1248 3833 1295 3914 Z
1307 3869 1318 3928 ;
1348 3833 1453 3916 vires
1475 3833 1516 3916 in
1539 3833 1578 3914 B
1595 3832 1637 3915 &
1665 3833 1705 3914 E
1729 3835 1816 3918 sunt
1839 3835 1891 3918 ad
1919 3835 2020 3918 invi.

460 3983 551 4044 cem
573 3957 615 4042 in
642 3957 781 4040 ultima
808 3955 964 4038 ratione
986 3953 1259 4062 diagonalium
1286 3957 1392 4055 BU,
1424 3959 1464 4040 E
1474 3959 1530 4056 Z,
1562 3961 1639 4044 ‚ubi
1658 3987 1769 4044 arcus
1794 3962 1854 4044 issi
1874 3962 1916 4044 in
1935 3959 2018 4044 infi-

458 4089 591 4173 nitum
619 4085 910 4169 diminuuntur.
969 4080 1074 4164 Nam
1103 4085 1284 4194 corporis
1313 4107 1447 4170 motus
1473 4085 1512 4166 B
1525 4087 1563 4172 C
1581 4087 1624 4170 ἃ
1646 4087 1686 4170 Ε
1706 4087 1747 4166 F
1766 4113 2020 4196 componun·

460 4233 525 4298 tur
546 4215 636 4324 (per
656 4215 792 4318 legum
819 4207 946 4292 corol.
978 4217 1029 4315 r.)
1052 4234 1104 4290 ex
1135 4211 1312 4296 motibus
1335 4209 1426 4307 Bc,
1457 4209 1548 4304 Bv
1574 4213 1615 4295 δι
1641 4211 1681 4294 E
1687 4215 1729 4317 f,
1757 4211 1853 4294 ΕΖ
1866 4247 1881 4293 .·
1909 4214 2020 4324 atqui

460 4339 557 4424 BU
582 4339 624 4422 ἃ
647 4337 750 4430 EZ,
772 4335 935 4446 ipsts'Cc
950 4333 991 4417 δε
1014 4333 1055 4414 F
1047 4336 1088 4442 f
1102 4337 1286 4446 aequales,
1308 4337 1349 4420 in
1371 4337 1712 4422 demonstratione
1738 4337 2022 4450 propositionis

460 4465 575 4574 liujus
595 4465 887 4573 generabantur
908 4461 957 4545 ab
978 4461 1212 4570 impulsibus
1232 4465 1290 4546 vis
1313 4466 1551 4575 centripetae
1571 4468 1612 4550 in
1635 4465 1673 4546 B
1694 4463 1736 4546 δι
1758 4464 1811 4561 E,
1838 4465 2018 4578 ideoque

458 4595 549 4682 sunt
565 4594 623 4677 lris
642 4591 869 4702 impulsrbus
890 4591 1222 4701 proportionales.
1635 4687 1640 4699 Ι

519 4721 645 4806 Corol.
670 4753 706 4824 4.
742 4719 860 4806 Vires
893 4719 1038 4828 quibus
1066 4745 1239 4826 corpora
1268 4719 1458 4830 quaelibet
1486 4720 1527 4802 in
1553 4719 1684 4830 spatiis
1712 4747 1795 4806 non
1813 4721 2021 4807 resilienti·

460 4853 536 4938 bus
565 4878 586 4934 a
606 4849 789 4932 ‘motibus
817 4841 1027 4930 rellilineis
1050 4846 1308 4928 retrahuntur
1336 4873 1380 4928 ac
1402 4845 1699 4958 detorquentur
1722 4848 1762 4930 in
1791 4849 1911 4934 orbes
1934 4875 2024 4932 cur·

461 5004 534 5064 vos
560 4975 647 5060 lunt
667 4978 772 5060 inter
793 4974 833 5058 se
857 4993 900 5054 ut
925 4999 1091 5058 arcuum
1119 4973 1335 5084 aequalibus
1366 4974 1616 5084 temporibus
1646 4973 1942 5084 descriptorum
1969 4973 1990 5058 s
2008 5015 2025 5032 ·

457 5105 575 5220 gittae
595 5102 672 5188 illae
691 5127 783 5219 quae
804 5119 1059 5212 convergunt
1096 5098 1146 5184 ad
1175 5116 1362 5186 centrum
1386 5099 1546 5199 virium,
1584 5097 1822 5186 &chordas
1848 5101 2026 5186 bisecant

1955 5221 2036 5311 ubi

1120 933 1171 1048 *f

2181 580 2191 713 l
