4352 5646
412 243 511 373 380
675 245 1208 344 nnrnosorrnn
1253 238 1713 341 unrunnnrs

199 408 388 546 {22¹qu
412 413 555 496 teriam
582 414 760 497 vorticis.
834 412 929 501 Sine
967 419 1035 499 tali
1063 416 1268 527 principio
1292 410 1450 497 neceffe
1488 410 1609 496 estut
1638 409 1781 517 globus
1809 407 1852 492 dc
1888 435 1987 494 vor·
2128 459 2129 526 q

299 511 335 544 L*
367 529 376 542 ”
413 538 501 619 ticis
524 559 655 647 partes
675 539 902 636 interiores,
930 561 1199 651 propagantes
1219 540 1376 646 semper
1403 557 1562 619 motum
1585 533 1702 616 suurn
1730 535 1773 616 in
1802 534 1990 617 exterio-

410 683 488 754 reS,
516 685 651 770 neque
670 687 823 744 novum
851 663 1030 774 aliquem
1062 683 1223 747 motum
1245 659 1501 770 recipientes,
1534 654 1761 740 tardelcant
1790 657 1991 767 paulatim
2128 647 2129 726 l

416 782 456 865 dc
477 783 516 865 in
538 787 681 867 orbem
701 786 764 891 agi
784 786 976 871 delinant.

473 907 596 986 Corol.
620 935 653 1009 5.
682 908 723 990 Si
750 907 893 1016 globus
920 913 1018 995 alter
1050 912 1144 995 huic
1178 910 1327 994 vortici
1356 909 1407 992 ad
1432 926 1588 991 certam
1614 903 1664 986 ab
1691 902 1808 1013 ipsrus
1837 923 1995 986 centro

419 1029 642 1115 dillantiam
679 1033 891 1128 innataret,
928 1034 968 1116 dc
998 1037 1152 1119 interea
1181 1035 1291 1118 circa
1327 1057 1447 1116 axem
1471 1027 1735 1116 inclinatione
1769 1029 1912 1111 datum
1944 1026 1997 1108 vi

419 1157 549 1266 aliqua
586 1158 813 1242 conllantcr
848 1161 1154 1254 revolvereturr
1191 1157 1308 1265 hujus
1344 1173 1459 1238 motu
1498 1172 1709 1262 raperetur
1736 1147 1916 1236 fluidum
1943 1152 1992 1235 in

419 1289 645 1368 vorticem:
687 1282 730 1366 dc
753 1285 890 1394 primo
919 1287 1197 1370 revolveretur
1224 1284 1292 1367 hic
1313 1300 1461 1364 vortex
1480 1302 1610 1364 novus
1648 1275 1691 1358 dc
1711 1277 1882 1386 exignus
1909 1303 1996 1360 una

420 1430 515 1488 eum
537 1407 662 1514 globo
690 1409 796 1491 eirca
828 1428 1016 1493 centrum
1042 1410 1218 1505 alterius,
1255 1407 1300 1491 &
1324 1407 1479 1488 interea
1510 1402 1626 1487 latius
1658 1401 1836 1511 serperet
1866 1401 1992 1510 ipsrus

417 1554 565 1628 motos,
601 1531 644 1614 dc
673 1531 864 1641 paulatim
897 1552 1188 1642 propagaretur
1216 1531 1257 1614 in
1284 1528 1503 1624 inlinitum,
1540 1525 1789 1610 admodum
1816 1527 1990 1610 vorticis

412 1655 545 1761 primi.
603 1653 657 1740 Et
686 1657 827 1740 eadem
843 1659 1013 1755 ratione,
1031 1683 1113 1768 qua
1138 1653 1253 1762 hujus
1277 1652 1425 1762 globus-
1447 1670 1657 1759 raperetur
1681 1670 1797 1734 motu
1817 1650 1992 1733 vorticis

412 1765 590 1863 alterius,
617 1785 826 1874 raperetur
853 1768 975 1848 etiam
995 1766 1139 1874 globus
1158 1765 1321 1848 alterius
1333 1777 1452 1846 motu
1473 1757 1606 1866 hujus,
1637 1757 1689 1842 lic
1710 1779 1754 1840 ut
1770 1759 1881 1866 globi
1902 1759 1992 1842 duo

413 1885 520 1968 eirca
542 1887 835 1971 intermedium
857 1888 1022 2000 aliquod
1044 1886 1242 1998 punctum
1264 1886 1590 1981 revolverentur,
1619 1881 1744 1994 seque
1766 1900 1913 1966 mutuo
1937 1880 1991 1963 ob

412 2029 574 2093 motum
604 2011 716 2093 illurn
750 2011 990 2094 circularem
1020 2010 1226 2120 fugerent,
1262 2010 1332 2094 nisr
1368 2034 1440 2119 per
1474 2008 1558 2090 vim
1590 2005 1765 2116 aliquam
1804 2004 1990 2091 cohibiti.

413 2128 556 2214 Postea
581 2131 607 2214 fi
628 2133 733 2216 vires
752 2133 981 2220 constanter
1000 2131 1214 2246 imprellae,
1240 2133 1388 2244 quibus
1407 2131 1523 2239 globi
1540 2131 1581 2214 in
1602 2129 1783 2212 motibus
1802 2129 1878 2212 suis
1897 2154 1988 2239 per·

411 2251 610 2355 severant,
635 2257 845 2357 cellarent,
872 2259 915 2342 &
935 2264 1072 2344 omnia
1090 2257 1247 2366 legibus
1266 2256 1513 2340 mechanicis
1537 2254 1888 2364 permitterentur,
1907 2255 1987 2336 lan·

412 2378 624 2484 guesceret
642 2383 833 2491 paulatim
862 2405 997 2468 motus
1023 2383 1241 2490 globorum
1272 2383 1347 2486 (ob
1380 2382 1583 2467 rationem
1610 2380 1653 2463 in
1678 2379 1804 2462 corol.
1828 2405 1864 2476 3.
1887 2375 1934 2458 dc
1952 2405 1991 2480 4,

414 2498 666 2612 affignatam)
685 2502 728 2586 dc
749 2505 925 2588 vortices
947 2504 1112 2589 tandem
1133 2503 1483 2617 conquiescerent.

471 2624 599 2709 Caret:¹
620 2635 655 2709 6.
685 2627 725 2712 Si
745 2629 855 2737 globi
881 2631 1014 2740 plures
1036 2629 1138 2713 datis
1156 2630 1199 2713 in
1221 2629 1322 2713 locis
1347 2631 1513 2713 circum.
1528 2651 1622 2714 axes
1651 2623 1843 2736 posrtione
1863 2620 1986 2706 datos

415 2747 539 2832 certis
570 2775 674 2835 cum·
701 2755 980 2837 velocitatibns
1006 2756 1236 2839 constanter
1264 2755 1591 2850 revolverentur,
1628 2751 1773 2837 fierent
1807 2747 1990 2832 vortices

415 2871 593 2953 totidem
613 2874 655 2956 in
682 2872 887 2957 inlinitum
912 2895 1140 2984 pergentes.
1195 2875 1300 2960 Nam
1327 2877 1439 2985 globi
1473 2873 1611 2982 srnguli
1641 2869 1985 2967 eademratinne,¹

415 3020 497 3106 qua
523 3021 625 3079 unus
649 2994 790 3109 aliquis
819 3019 981 3082 motum
1007 2997 1122 3083 suum
1156 3003 1420 3111 propagatio
1447 3001 1663 3096 inlinitum,
1703 2996 1985 3109 propagabunt

417 3119 540 3203 etiarn
570 3139 705 3205 motus
726 3121 821 3220 ¹suos
848 3122 892 3208 in
921 3123 1141 3220 inlinitum,
1166 3123 1273 3209 adeo
1302 3141 1346 3206 ut
1370 3122 1489 3209 fluidi
1515 3123 1660 3210 infiniti
1687 3148 1779 3233 pars
1803 3147 1984 3232 unaque·

416 3268 499 3355 que
526 3270 578 3329 eo
593 3245 767 3354 agitetur
789 3265 909 3332 motu
935 3249 1084 3360 quiex
1111 3248 1296 3334 omnium
1326 3247 1545 3356 globorum
1565 3244 1792 3332 odionibus
1814 3243 1988 3328 relultat.

417 3365 541 3452 Unde
559 3371 742 3454 vortices
762 3396 847 3456 non
867 3371 1116 3457 definientur
1135 3376 1257 3459 certis
1278 3368 1485 3474 limitibus,
1512 3374 1583 3460 led
1605 3372 1705 3460 inse
1733 3391 1882 3472 mutuo
1893 3393 1986 3480 pau·

417 3492 530 3578 latim
549 3516 797 3594 excurtem-3
840 3496 1036 3608 globique
1062 3524 1135 3609 per
1158 3494 1336 3584 adiones
1353 3501 1628 3586 vorticum·in
1649 3499 1702 3583 le·
1718 3515 1868 3582 mutuo
1896 3522 1989 3605 pen·

416 3642 547 3729 petuo
567 3621 842 3704 movebuntur
868 3621 921 3705 de
948 3623 1048 3706 locis
1076 3625 1169 3721 suis,
1195 3627 1257 3709 uti
1280 3627 1333 3710 in.
1352 3625 1806 3736 corollariosuperiore
1831 3618 1984 3729 exposn

419 3761 509 3824 turn
528 3738 611 3835 est3
641 3765 776 3850 neque
794 3761 948 3825 certam
965 3746 1149 3855 quamvis
1175 3745 1282 3830 inter
1307 3747 1348 3830 le
1377 3746 1621 3859 posuionem
1651 3745 1874 3836 servabunt,
1908 3739 1985 3824 nifi

417 3887 492 3975 per
523 3861 607 3946 vim
634 3862 808 3974 aliquam
849 3867 1012 3948 retenti.
1077 3861 1333 3953 Celsantibus
1368 3889 1505 3955 autem
1535 3869 1689 3957 viribus
1720 3865 1791 3950 illis
1819 3888 1920 3975 quae.
1943 3863 1988 3949 in

418 3989 568 4097 globos
590 3985 819 4071 constanter
843 3984 1042 4099 imprelsae
1068 3989 1308 4077 conservant
1336 3991 1458 4080 hosce
1490 4013 1641 4092 motus,
1656 3989 1837 4076 materia
1855 3986 1912 4070 ob
1929 4013 1988 4070 ιι,

418 4113 647 4198 tionemin-
660 4112 1021 4198 corollariotertio
1048 4113 1092 4198 dc
1109 4133 1255 4228 quarto
1275 4115 1526 4226 affignatam,
1549 4118 1739 4232 paulatim
1761 4109 1985 4224 requiescet

420 4235 471 4319 dt·
482 4238 525 4320 in'
544 4235 721 4320 vortices
749 4235 812 4343 agi
830 4234 993 4338 desrnet.

429 4404 434 4416 ·
478 4361 602 4446 Corol.
618 4387 656 4462 7,-
680 4359 722 4442 Si
749 4357 924 4444 fluidum
950 4362 1119 4450 smnilare
1142 4363 1362 4451 claudatur
1379 4371 1423 4453 in
1454 4366 1544 4453 vase
1568 4364 1782 4478 splraerico,
1809 4384 1854 4446 ac
1871 4352 1982 4466 globi

421 4489 464 4572 in
483 4505 629 4598 centro
644 4483 893 4570 conlistentis
911 4485 1106 4573 uniformi
1129 4491 1335 4577 rotatione
1360 4511 1500 4602 agatur
1526 4495 1570 4578 in
1598 4492 1817 4588 vorticem,
1846 4483 1988 4596 globus

421 4631 560 4696 autern
586 4609 629 4694 δι
660 4635 735 4692 vas
754 4611 795 4694 in
816 4611 994 4698 ‘eandem
1022 4633 1182 4727 partem
1214 4617 1321 4700 circa
1349 4645 1469 4703 axem
1504 4615 1681 4704 eundem
1703 4612 1987 4714 revolvantur,

422 4737 579 4850 smtque
610 4760 758 4852 eorum
789 4757 975 4849 tempora
1005 4740 1217 4853 periodica
1247 4763 1293 4825 ut
1327 4744 1522 4854 quadrata
1562 4729 1982 4843 semidiametrorum:

422 4883 558 4973 partes
575 4859 694 4950 fluidi
713 4885 803 4951 non
820 4862 945 4980 prius
966 4861 1280 4980 perseverabunt
1307 4872 1353 4955 in
1370 4865 1549 4954 motibus
1571 4862 1648 4990 suis
1674 4861 1757 4952 line
1786 4861 1979 4946 accelera·

1871 5003 1987 5070 none
