4450 5674
453 221 1492 332 rnrncrrmmarrmrmrrca
1744 233 1767 358 3

1788 391 2004 468 notititi-

663 545 1170 658 DEFINITIO
1238 559 1306 662 V.

206 751 264 860 V
261 753 298 854 ir
326 751 570 892 centripeta
591 750 671 875 eii,
707 787 799 886 qua
828 776 1010 886 corporo
1036 751 1184 869 uersus
1203 744 1424 887 pannium
1449 743 1645 882 aliquod,
1670 755 1775 845 tona

278 943 418 1050 quom
442 910 738 1033 orimnorum,
766 906 961 1040 undique
984 905 1238 1030 trahantur,
1268 901 1572 1044 impellantur,
1600 899 1678 1003 ve'l
1702 928 1774 1000 rat-¹

278 1103 448 1205 cunque
473 1057 667 1166 tendunt.

263 1315 403 1429 Huius
422 1314 578 1428 generis
612 1313 669 1401 est
688 1312 873 1424 gravitas,
900 1339 982 1428 qna
1011 1335 1186 1425 corpora
1209 1307 1383 1399 tendunt
1408 1309 1460 1397 ad
1487 1316 1676 1429 centrum
1693 1327 1778 1397 ter·

209 1467 296 1540 τες
334 1443 393 1527 vis
421 1437 661 1548 magnetica,
700 1463 781 1550 qua
807 1437 961 1523 ferrum
987 1435 1089 1548 petit
1109 1456 1368 1546 magnetem
1411 1435 1454 1520 dc
1480 1437 1637 1536 visilia,
1664 1425 1778 1550 qute'ss

208 1591 373 1680 cunque
407 1563 476 1662 fit,
512 1587 594 1678 qua
621 1561 794 1674 pianetae
836 1579 1038 1674 perpetuo
1069 1560 1329 1645 retrahuntur
1369 1585 1392 1644 a
1423 1559 1605 1644 motibus
1635 1555 1779 1642 redili-

208 1691 309 1789 neiS,
338 1689 385 1774 dt
406 1689 448 1775 in
476 1688 590 1774 lineis
616 1687 750 1772 curvis
776 1687 932 1773 revolvi
958 1703 1175 1800 coguntur.
1233 1683 1371 1797 Lapis,
1393 1687 1435 1771 in
1455 1681 1580 1770 funda
1600 1683 1792 1798 circum-¹

208 1816 339 1912 attus,
366 1841 390 1898 a
412 1815 715 1925 circumagente
740 1837 861 1898 manu
889 1811 1000 1896 abire
1026 1830 1223 1908 conaturi
1265 1808 1486 1896 &conatu
1517 1809 1590 1896 suo
1608 1805 1779 1896 fundam
1896 1882 1900 1890 .

209 1941 419 2040 distendit,
451 1965 586 2052 eoque
615 1937 760 2026 fortius
783 1963 869 2052 quo
895 1939 1066 2025 celerius
1095 1936 1345 2037 revolvitur,
1381 1935 1439 2038 dc,
1473 1939 1777 2051 quamprimum

211 2067 447 2164 dimittitur,
472 2066 616 2149 avolat.
671 2061 773 2148 Vim
792 2063 957 2149 conatui
982 2062 1041 2149 illi
1063 2065 1322 2164 contrariam,
1349 2090 1429 2177 qua
1453 2063 1579 2151 funda
1597 2061 1778 2176 lapidem

117 2251 123 2258 -
210 2195 255 2282 in
279 2219 444 2280 manum
462 2185 663 2302 perpetuo
684 2189 851 2274 retrahit
871 2186 915 2272 dc
936 2190 979 2275 in
1004 2189 1111 2276 orbe·
1129 2190 1292 2289 retinet,
1325 2196 1520 2304 quoniam
1543 2191 1587 2277 in
1609 2213 1776 2274 manum

205 2347 291 2408 ceu
317 2318 427 2404 orbis
452 2337 641 2402 centrum
668 2313 873 2426 dirigitur,
906 2317 1176 2429 centripetam
1203 2316 1373 2432 appello.
1427 2314 1483 2402 Et
1503 2343 1574 2429 par
1592 2315 1650 2403 est
1672 2314 1780 2402 ratio

206 2469 435 2557 corporum
459 2441 660 2538 omnium,
685 2465 778 2553 quae
804 2440 846 2526 in
874 2465 1021 2554 gyrum
1046 2462 1233 2552 aguntur.
1289 2441 1504 2530 Conantur
1524 2469 1580 2528 ea
1597 2442 1784 2529 omnine

211 2569 362 2657 centris
390 2564 554 2652 orbium
581 2563 803 2664 recedere,
834 2561 879 2650 dc
905 2565 977 2652 nist
995 2565 1094 2652 adsrt
1117 2564 1175 2652 vis
1202 2565 1333 2680 aliqua
1353 2569 1517 2652 conatui
1537 2565 1600 2651 issi
1617 2583 1781 2651 contra·

206 2697 283 2794 ria,
308 2721 390 2808 qua
414 2693 683 2778 cohibeantur
710 2689 754 2774 &
779 2691 823 2777 in
844 2692 1010 2778 orbibus
1031 2691 1295 2791 retineantur,
1330 2715 1535 2807 quamque
1563 2689 1661 2810 ideo
1682 2713 1782 2775 cen·

211 2821 405 2930 tripetam
426 2817 599 2926 appello,
625 2814 792 2900 abibunt
817 2815 860 2902 in
888 2813 1006 2901 rectis
1029 2815 1143 2901 lineis
1166 2815 1361 2902 uniformi
1381 2839 1478 2900 cum
1494 2833 1623 2900 motu.
1678 2812 1781 2898 Pro·
1879 2841 1885 2848 ·

202 2942 357 3055 ‚jectiln
384 2942 471 3028 fivi
491 2939 696 3050 gravitatis
720 2937 1022 3040 destitueretur,
1048 2966 1133 3028 non
1150 2937 1438 3028 deflecteretur
1457 2942 1500 3028 in
1519 2961 1682 3041 terram,
1708 2936 1781 3026 sed

208 3069 255 3158 in
282 3068 388 3155 linea
411 3067 520 3152 retia
539 3065 668 3150 abiret
693 3064 735 3148 in
754 3065 915 3162 coelest
953 3065 1080 3181 idque
1104 3065 1299 3153 uniformi
1326 3092 1422 3152 curn
1442 3085 1575 3166 motu,
1601 3064 1782 3152 simodo

212 3197 313 3280 a‘e‘ris
340 3191 556 3279 resriientia
585 3193 811 3275 tolleretur.
866 3185 945 3276 Per
969 3193 1209 3303 gravitatem
1230 3194 1340 3278 suam
1361 3195 1580 3281 retrahitur
1607 3223 1632 3280 a
1659 3191 1781 3278 cursu

211 3318 422 3406 rectilineo
452 3311 495 3397 dt
526 3315 740 3400 interram
772 3337 972 3425 perpetuo
1000 3315 1200 3415 deditur,
1237 3315 1365 3430 idque
1396 3320 1521 3428 magis
1553 3320 1619 3404 vel
1645 3319 1780 3401 minus

212 3467 291 3560 pro
312 3443 508 3552 gravitate
521 3439 589 3522 sua
613 3434 657 3520 dt
678 3439 895 3522 velocitate
910 3460 1057 3526 motus.
1087 3443 1186 3554 Quo
1205 3443 1340 3526 minor
1358 3440 1482 3527 fuerit
1501 3437 1585 3551 ejus
1605 3439 1782 3554 gravitas

211 3600 289 3686 pro
311 3569 536 3684 quantitate
549 3565 745 3661 materiae,
759 3567 824 3650 vel
843 3566 971 3677 major
985 3568 1176 3662 velocitas
1197 3594 1373 3684 quacum
1386 3563 1612 3680 projicitur,
1629 3596 1683 3656 eo
1702 3569 1782 3679 mi·

210 3723 287 3784 nus
307 3691 485 3780 deviabit
508 3715 530 3774 a
553 3689 670 3774 cursu
702 3689 973 3777 rectilineo&
997 3693 1156 3804 longius
1179 3718 1336 3806 perget.
1400 3693 1442 3779 Si
1471 3695 1616 3806 globus
1646 3698 1783 3808 plu-rn-

209 3819 327 3922 beus,
360 3823 455 3908 data
477 3843 573 3904 cum
602 3819 820 3904 velocitate
848 3820 1072 3907 secundum
1097 3824 1244 3908 lineam
1270 3822 1566 3908 horizontalem
1584 3851 1607 3908 a
1628 3824 1779 3911 montis

213 3950 379 4059 alicujus
410 3946 565 4030 vertice
588 3947 629 4029 vi
655 3947 835 4057 pulveris
858 3950 1112 4036 tormentarii
1143 3947 1359 4064 projedus,
1394 3972 1583 4064 pergeret
1608 3950 1780 4056 inlinea

214 4099 341 4161 curva
361 4073 412 4160 ad
437 4070 664 4157 distantiam
685 4072 863 4160 duorum
891 4073 1137 4175 milliarium,
1171 4073 1402 4190 priusquam
1425 4075 1468 4177 in
1489 4074 1782 4189 terramdecig

213 4201 361 4288 deret:
402 4197 472 4282 hic
499 4195 621 4308 dupla
650 4222 746 4283 cum
775 4201 995 4286 velocitate
1020 4201 1130 4316 quast
1153 4201 1280 4314 duplo
1305 4203 1464 4314 longius
1495 4221 1696 4314 pergeret,
1733 4197 1780 4289 dc

210 4327 389 4442 decupla
411 4347 508 4409 cum
537 4324 754 4410 velocitate
783 4325 893 4440 quafi
917 4325 1095 4442 decuplo
1119 4329 1303 4438 longius:
1352 4327 1381 4414 ss
1405 4329 1533 4415 modo
1559 4329 1659 4415 aeris
1686 4327 1782 4414 resr-

216 4451 358 4538 flenda
379 4450 603 4536 tolleretur.
659 4447 714 4536 Et
746 4453 935 4563 augendo
958 4455 1218 4542 velocitatem
1243 4458 1382 4566 augeri
1401 4454 1529 4570 poffet
1550 4481 1626 4570 pro
1644 4455 1780 4544 lubitu

215 4577 398 4669 distantia
421 4586 467 4670 in
495 4607 619 4698 qnam
645 4581 927 4694 projiceretur,
961 4581 1004 4667 δι
1032 4583 1162 4670 minui
1188 4605 1403 4670 curvatura
1424 4586 1541 4671 lineae
1563 4609 1685 4702 quam
1704 4587 1779 4674 de·

216 4703 425 4808 scriberet,
450 4710 507 4796 ita
528 4729 575 4794 ut
595 4711 761 4795 tandem
789 4708 954 4794 caderet
975 4709 1028 4796 ad
1059 4709 1286 4797 distantiam
1310 4713 1511 4821 graduum
1538 4713 1685 4800 decem
1711 4711 1778 4802 vel

215 4828 384 4942 triginta
403 4837 470 4922 vel
495 4835 745 4966 nonaginta,
775 4836 980 4926 ueletiam
1001 4859 1047 4923 ut
1072 4859 1222 4927 terram
1246 4857 1376 4926 totam
1400 4839 1592 4930 circuiret
1614 4843 1680 4930 vel
1706 4839 1779 4922 de·

927 4961 963 5050 B
991 4992 1016 5046 2
1652 4963 1782 5081 nique
