4352 5646
481 317 578 445 384
739 307 1267 408 PHILOSOPHIAE
1310 303 1768 406 NATURALIS

264 487 453 628 {filim
481 487 586 570 inter
613 481 665 568 se.
720 481 960 592 Negligitur
989 480 1113 588 igitur
1141 497 1277 563 motus
1310 479 1596 590 particularum
1625 476 1733 560 inter
1762 475 1818 574 se,
1835 485 2058 594 tanquam

303 583 452 629 ⁰⁸⁹⁰ffl
481 609 532 692 ad
560 611 685 694 totius
715 626 875 692 motum
912 603 1208 718 progressivum
1235 605 1292 689 nil
1318 601 1509 716 spedans,
1539 603 1586 687 δι
1614 621 1749 688 motus
1775 602 1903 689 totius
1931 608 2057 695 idem

482 733 561 814 erit
586 757 633 814 ac
662 729 787 842 prius.
843 727 989 813 Motus
1014 748 1151 811 autem
1180 727 1293 812 idem
1318 731 1400 812 erit
1429 753 1523 811 cuni
1546 745 1664 812 motu
1686 724 1856 810 aliarum
1879 734 2059 820 vorticis

480 857 657 964 partium
683 883 705 939 a
730 873 875 940 centro
903 854 1110 967 aequaliter
1135 850 1381 952 distantium,
1409 871 1626 964 propterea
1649 850 1767 963 quod
1798 850 1977 940 solidum
2014 860 2061 945 in

482 977 658 1065 sluidum
690 982 912 1067 resolutum
932 979 978 1062 lit
997 1004 1088 1090 pars
1116 977 1283 1062 vorticis
1302 978 1460 1062 caeteris
1479 975 1657 1088 partibus
1676 973 1906 1061 consimilis.
1934 977 2057 1092 Ergo

486 1105 674 1207 solidum,
701 1107 796 1192 sisit
815 1106 994 1215 ejusdcm
1020 1101 1225 1188 densitatis
1250 1128 1345 1188 cum
1368 1103 1536 1186 materia
1563 1100 1748 1200 vorticis,
1777 1100 1932 1186 eodem
1958 1131 2053 1192 mo.

487 1251 533 1314 tu
552 1259 647 1318 curn
669 1231 786 1343 ipsius
808 1233 986 1343 partibus
1010 1229 1258 1325 movebitur,
1282 1227 1326 1312 iii
1352 1227 1520 1310 materia
1542 1225 1732 1337 proxime
1750 1224 1960 1314 ambiente
1989 1259 2053 1319 re·

484 1357 606 1442 lative
632 1357 852 1472 quiescens.
909 1355 980 1441 Sin
1006 1351 1162 1438 densius
1188 1351 1248 1450 sit,
1280 1351 1363 1460 jam
1391 1349 1517 1458 magis
1554 1348 1769 1434 conabitur
1801 1353 2003 1440 recedere
2031 1387 2052 1444 a

485 1505 631 1567 centro
655 1483 821 1568 vorticis
840 1507 962 1595 quain
991 1479 1133 1593 prius3
1168 1476 1348 1588 ideoque
1371 1473 1538 1558 vorticis
1565 1473 1649 1558 vim
1678 1474 1798 1572 illam,
1836 1500 1917 1588 qua
1939 1481 2053 1590 prius

482 1607 526 1689 in
548 1604 678 1689 orbita
705 1606 772 1691 sua
799 1626 988 1720 tanquam
1007 1605 1050 1688 in
1067 1600 1299 1713 aequilibrio
1318 1597 1586 1683 constitutum
1606 1597 1870 1696 retinebatur,
1893 1601 1973 1708 jam
1989 1605 2053 1690 su.

484 1761 643 1848 perans,
669 1732 838 1818 recedet
858 1760 878 1816 a
901 1752 1046 1816 centro
1070 1727 1113 1812 δι
1143 1723 1396 1811 revolvendo
1420 1723 1625 1809 describet
1644 1721 1840 1834 spiralem,
1869 1751 1956 1812 nori
1972 1755 2052 1814 am·

485 1863 589 1973 plius
618 1862 660 1944 iri
684 1858 861 1956 eundem
880 1855 1023 1940 orbern
1045 1853 1219 1939 rediens.
1275 1846 1329 1934 Et
1352 1849 1504 1934 eodem
1530 1868 1776 1958 argumento
1804 1848 2051 1954 sirariusfit,

485 1985 658 2071 accedet
685 1984 736 2068 ad
765 2001 963 2068 centrum.
1021 1979 1147 2088 Igitur
1172 2001 1256 2061 non
1291 1973 1442 2058 redibit
1468 1973 1510 2058 in
1536 1970 1715 2058 eundem
1739 1971 1886 2058 orbem
1909 1979 1981 2060 nili
2007 1981 2050 2064 fit

483 2111 668 2225 ejusdem
688 2108 892 2196 densitatis
912 2132 1007 2192 cuin
1025 2104 1169 2189 fluido.
1210 2097 1276 2185 Eo
1296 2118 1431 2186 autent
1451 2099 1494 2184 in
1520 2098 1610 2182 casu
1628 2097 1830 2186 ostensum
1847 2101 1918 2198 est,
1936 2106 2051 2214 quod

483 2225 769 2326 revolveretur
777 2235 932 2320 cadem
952 2237 1042 2342 lege
1066 2255 1163 2314 cuni
1180 2225 1360 2340 partibus
1374 2225 1494 2314 fluidi
1517 2253 1540 2310 a
1558 2243 1705 2312 centro
1734 2226 1903 2314 vorticis
1923 2253 2051 2340 aequa-

484 2371 581 2454 liter
612 2362 858 2450 distantibus.
914 2359 1040 2475 QE‘.
1060 2357 1123 2438 D.
1559 2373 1562 2380 ‘

537 2493 672 2580 Coros.
700 2517 730 2568 1.
760 2481 875 2594 Ergo
904 2483 1078 2568 solidum
1102 2479 1216 2591 quod
1240 2479 1283 2562 in
1306 2475 1466 2562 vortice
1490 2477 1718 2562 revolvitur
1739 2476 1783 2560 oz
1803 2478 1844 2562 in
1871 2477 2053 2564 eundem

485 2618 635 2704 orbem
660 2613 817 2722 semper
847 2607 970 2703 redit,
997 2603 1163 2688 relative
1189 2599 1362 2712 quiescit
1381 2601 1425 2684 in
1451 2596 1584 2686 fluido
1606 2601 1677 2686 cui
1695 2601 1853 2684 innatat.

548 2743 671 2825 Coros.
692 2768 729 2832 ,2·
759 2731 814 2817 Et
839 2733 1030 2816 sivortex
1049 2727 1095 2812 sit
1122 2727 1261 2840 quoad
1281 2725 1521 2812 densitatem
1541 2725 1767 2823 uniformis,
1779 2751 1930 2838 corpus
1939 2728 2054 2814 'idem

487 2864 784 2978 adquamlibet
807 2885 830 2940 a
851 2871 996 2942 centro
1017 2853 1189 2938 vorticis
1217 2851 1445 2936 distantiam
1468 2853 1624 2938 revolvi
1644 2847 1793 2963 potest

1156 3064 1389 3167 Scholium.

545 3249 662 3336 Hinc
687 3242 817 3354 liquet
843 3235 1019 3347 planetas
1054 3256 1076 3314 a
1102 3229 1327 3316 vorticibus
1358 3231 1568 3342 corporeis
1602 3255 1689 3317 nori
1717 3227 1881 3314 deferri.
1937 3224 2050 3311 Nam

487 3382 664 3493 planetae
689 3363 915 3452 secundum
942 3354 1184 3469 hypothesin
1206 3355 1276 3441 Co.

483 3505 725 3621 pernicaeam
747 3490 863 3572 circa
897 3482 1023 3568 solent
1061 3477 1183 3563 delati
1208 3504 1271 3563 re·

486 3632 708 3714 volvuntur
728 3618 770 3699 in
801 3609 1001 3720 ellipsibus
1033 3603 1271 3688 umbilicum

490 3745 730 3842 habentibus
749 3741 792 3821 in
812 3734 908 3830 sole,
935 3727 979 3812 dc
1004 3727 1124 3811 radiis
1146 3723 1195 3806 ad
1209 3720 1269 3804 so·

488 3885 570 3967 leni
599 3865 728 3958 ditiis
760 3880 868 3943 areas
900 3849 1133 3934 describunt
1168 3865 1269 3929 teni·

485 4001 655 4120 poribus
685 3976 1022 4103 proportionales.
1055 3978 1114 4058 At
1135 3988 1268 4085 partes

490 4128 657 4219 vorticis
688 4115 758 4202 tali
784 4128 901 4195 motu
930 4101 1087 4188 revolvi
1116 4125 1268 4212 neque·
1297 4177 1325 4236 F
1424 4175 1453 4231 E
1526 4179 1558 4242 1>

484 4279 575 4345 unt.
636 4243 860 4352 Designent
892 4235 940 4316 A
948 4231 1013 4329 D,
1037 4228 1142 4326 BE,
1176 4228 1270 4328 CF,
1858 4192 1889 4254 A
1929 4205 1954 4266 Β

485 4384 609 4466 orbes
634 4394 716 4456 tres
742 4363 851 4448 circa
877 4354 1004 4439 soleni
1033 4351 1268 4464 Sdescrip·

483 4529 567 4603 tos,
586 4515 771 4612 quorum
795 4485 974 4572 extimus
993 4479 1079 4564 CF
1094 4481 1268 4564 circulus
1376 4521 1393 4564 κ

490 4632 538 4718 fit
557 4625 631 4714 soli
650 4613 948 4705 concenrricus,
965 4607 1006 4692 dt
1026 4606 1269 4694 interiorum

490 4759 668 4842 duorum
687 4741 841 4856 aplielia
862 4736 941 4821 sint
960 4738 1015 4832 A,
1041 4733 1083 4815 B
1101 4733 1144 4818 dc
1162 4735 1269 4847 peri.

486 4881 594 4966 belia
625 4877 689 4971 D,
723 4867 775 4952 E.
830 4863 945 4973 Ergo
980 4887 1128 4973 corpus
1152 4861 1268 4975 quod
1794 4939 1798 4942 ,

488 4997 712 5088 revolvitur
732 4997 774 5080 in
802 4989 903 5076 orbe
924 4988 1009 5088 CF,
1036 4984 1153 5074 radio
1176 4985 1229 5074 ad
1256 4985 1381 5076 solem
1402 4988 1527 5080 dudo
1556 5021 1666 5082 areas
1690 4993 1947 5109 temporibus
1963 5013 2061 5101 pro
2152 4979 2153 4984 '

1371 5141 1373 5146 ’
1812 5118 2060 5233 portionales
