4450 5674
429 225 550 350 Quae
579 231 712 326 toties
752 233 931 328 animos
955 251 1158 329 veterum
1182 223 1347 329 torsere
1370 223 1640 368 sophorum,

428 369 639 504 Quaque
665 361 843 466 scholas
862 363 1023 466 frustra
1049 401 1189 468 rauco
1213 377 1464 472 certamine
1486 400 1674 500 vexant,

430 503 584 604 Obvia
607 500 928 642 conspicimus,
953 501 1122 606 nubem
1150 507 1347 644 pellente
1371 507 1576 612 mathes.

431 651 532 772 Jam
567 642 726 744 dubios
759 645 883 746 nulla
901 645 1101 781 caligine
1120 674 1373 782 praegravat
1393 684 1538 774 error,

433 785 579 910 Qseis
601 780 806 921 superum
842 813 1076 920 penetrare
1099 785 1264 886 domos
1286 815 1422 925 atque
1456 787 1593 888 ardua
1620 787 1716 890 caeli

433 923 657 1022 Scandere
679 919 879 1023 sublimis
904 929 1027 1062 genii
1052 921 1267 1024 concelsrt
1296 958 1502 1028 acumen.

504 1067 679 1200 Surgite
703 1062 936 1190 mortales,
973 1092 1171 1163 terrenas
1196 1070 1365 1164 mittite
1389 1099 1514 1166 curas
1525 1120 1539 1192 3

435 1210 588 1341 Atque
613 1197 727 1302 hinc
749 1203 976 1340 caeligcnae
997 1209 1113 1302 vires
1136 1199 1390 1339 dignoscite
1414 1211 1598 1332 mentis,

436 1349 481 1442 A
507 1341 732 1478 pecudum
760 1349 854 1442 vita
870 1344 1011 1479 longe
1033 1341 1213 1480 lateque
1239 1371 1443 1448 remotae.

438 1483 538 1604 Qui
557 1476 731 1617 scriptis
753 1477 870 1615 jussit
894 1479 1055 1580 tabulis
1079 1477 1370 1618 compescere
1397 1483 1553 1608 caedes,

437 1625 573 1720 Furta
600 1629 646 1718 δι
671 1617 904 1744 adulteria,
942 1633 988 1720 δι
1023 1628 1213 1756 perjurae
1237 1626 1431 1720 crimina
1457 1619 1650 1748 fraudis,

439 1757 596 1880 Quive
619 1765 745 1894 vagis
774 1761 953 1897 populis
976 1758 1245 1858 circundare
1268 1759 1495 1860 moenibus
1519 1757 1650 1860 urbes

438 1903 616 1997 Austor
641 1925 761 2022 erat,
799 1894 1035 1998 Cererisve
1051 1895 1204 1998 beavit
1227 1932 1414 1997 munere
1441 1927 1620 2037 gentcs5

439 2034 536 2138 Vel
560 2042 639 2174 qui
662 2071 870 2138 curarum
894 2038 1096 2138 lenimen
1131 2035 1281 2174 preffit
1305 2035 1362 2136 ab
1378 2073 1492 2164 uva;

440 2173 537 2276 Vel
589 2182 632 2272 ui
655 2175 840 2278 Niliaca
867 2173 1138 2279 monstravit
1162 2177 1383 2279 arundine
1398 2186 1546 2314 pistos
1625 2277 1630 2284 .

440 2210 721 2415 consociare
738 2312 890 2440 sonos,
928 2314 1158 2456 oculisque
1179 2351 1408 2452 exponere
1439 2350 1605 2440 voces3

440 2458 711 2554 Humanam
740 2451 906 2555 sortem
931 2462 1080 2554 minus
1101 2454 1284 2554 extulit:
1326 2481 1488 2592 utpote
1507 2487 1653 2593 pauca

440 2589 708 2730 Respiciens
734 2591 902 2696 miserae
926 2621 1106 2694 tantum
1130 2589 1353 2702 solamina
1374 2600 1493 2697 vitae.
1596 2705 1603 2714 ,

441 2739 547 2858 Jam
570 2769 682 2832 vero
705 2731 867 2872 superis
892 2739 1099 2833 convivas
1128 2731 1433 2856 admittimur,
1468 2730 1554 2832 alti

443 2875 551 2996 Jura
580 2870 678 3006 poli
697 2880 889 2970 tractare
916 2873 1037 2992 licet,
1069 2875 1263 3010 jamque
1281 2869 1434 2969 abdita
1456 2905 1589 2970 caecae·

444 3004 651 3124 Claustra
672 3037 830 3145 patent
852 3037 995 3131 tetrae,
1030 3041 1272 3146 rerumque
1293 3006 1545 3106 immobilis
1566 3003 1700 3134 ordo,

447 3151 504 3246 Et
528 3179 628 3283 quae
644 3151 856 3284 praeteriti
886 3145 1113 3244 latuerunt
1134 3142 1280 3245 secula
1314 3145 1488 3262 mundi,

517 3285 658 3387 Talia
679 3283 1012 3388 monstrantem
1031 3317 1213 3388 mecum
1237 3281 1459 3384 celebrate
1483 3291 1710 3409 camaenis,

446 3425 553 3526 Vos
587 3419 618 3520 d
649 3428 901 3528 caelicolum
930 3423 1176 3559 gaudentes
1201 3433 1385 3524 nediare
1423 3421 1558 3550 vesci,

448 3564 809 3663 Nuwsorsusr
833 3559 966 3660 claust
991 3559 1263 3658 reserantem
1288 3559 1450 3658 scrinia
1466 3570 1576 3684 veri,

449 3703 811 3802 anrouusr
834 3693 975 3800 Musis
1000 3693 1208 3821 charum,
1248 3705 1319 3797 cui
1339 3703 1526 3832 pedore
1551 3715 1667 3833 puro

452 3833 653 3938 Phoebus
690 3837 826 3966 adest,
858 3868 1050 3978 totoque
1074 3833 1246 3936 incelsrt
1272 3843 1462 3937 numine
1487 3869 1729 3940 mentem:

454 3981 563 4081 Nec
594 3975 662 4082 sas
685 3979 749 4083 est
779 3984 964 4122 propius
993 3976 1178 4078 mortali
1204 3985 1427 4115 attingere
1456 3976 1603 4077 divos.

1374 4202 1588 4390 auru
1639 4279 1992 4391 narrar.

1809 4745 1856 4844 B*
1869 4743 1922 4844 R·
1939 4743 2026 4840 AE*
