4312 5652
459 265 551 374 178
715 265 1242 364 PHILOSOPHlAE
1286 263 1749 366 NATURALIS

238 433 430 496 1³¹·M0w
457 431 621 516 transitu
644 459 716 544 per
734 435 943 544 proximos
969 463 1018 540 45
1049 433 1210 541 gradus,
1235 431 1359 546 usque
1387 432 1437 518 ad
1465 431 1751 545 quadraturam
1784 431 2055 544 proximam,

242 519 420 578 ⁶⁰⁸⁹⁰⁸¹¹⁸
455 560 664 644 inclinatio
684 580 867 669 augetur,
903 558 946 645 dt
975 560 1110 672 polleat
1138 561 1277 644 denuo
1304 561 1346 645 in
1368 560 1535 644 transttu
1560 583 1633 670 per
1660 560 1758 643 alios
1780 588 1831 666 45
1866 559 2049 668 gradus,

455 686 652 798 usquead
673 685 829 770 nodum
856 687 1105 798 proximum,
1137 685 1392 771 diminuitur.
1449 685 1584 793 Magis
1611 686 1750 798 itaque
1780 683 2047 768 diminuitur
2132 709 2133 714 ‘

454 802 663 894 inclinatio
689 831 1022 922 quamaugetur,
1058 809 1101 894 tc
1136 831 1355 923 propterea
1388 809 1524 894 minor
1561 808 1619 892 est
1649 809 1808 920 semper
1840 809 1882 891 in
1915 809 2045 892 nodo

454 929 719 1046 subsequente
751 960 873 1046 quam
906 935 947 1020 iu
972 935 1247 1046 praecedente.
1311 929 1367 1016 Et
1400 933 1515 1018 fimiti
1548 933 1779 1030 ratiocinio,
1815 933 2043 1016 inclinatio
2132 921 2134 932 ’

454 1059 580 1165 magis
609 1077 793 1166 augetur,
820 1085 942 1172 quam
961 1057 1215 1156 diminuitur,
1243 1058 1313 1142 ubi
1339 1057 1440 1141 nodi
1468 1056 1558 1142 sunt
1583 1056 1873 1142 itinerantibus
1893 1055 2042 1140 alteris
2132 1107 2134 1140 4

455 1183 561 1266 inter
579 1184 627 1264 A
642 1181 685 1266 ἃ
705 1183 769 1280 D,
801 1183 893 1268 B&
913 1185 955 1272 C.
1010 1182 1222 1269 inclinatio
1243 1184 1368 1294 igitur
1383 1182 1455 1268 ubi
1478 1183 1578 1268 nodi
1597 1182 1687 1266 sunt
1714 1182 1759 1266 in
1778 1180 1955 1291 syzygiis
1977 1180 2038 1263 ell

457 1308 642 1392 omnium
671 1311 857 1392 maxima.
922 1307 966 1394 In
992 1308 1157 1394 transttu
1187 1333 1331 1394 eorum
1359 1335 1381 1392 a
1403 1307 1573 1419 syzygiis
1600 1306 1651 1390 ad
1677 1305 1963 1418 quadraturas,
1988 1307 2034 1389 in

456 1427 616 1539 lingulis
638 1432 822 1541 corporis
850 1431 900 1516 ad
928 1431 1062 1517 nodos
1089 1431 1336 1543 appulsrbus,
1366 1431 1636 1526 diminuituta
1674 1429 1803 1542 fitque
1840 1431 2032 1514 omnium

457 1555 636 1652 minima,
662 1557 733 1641 ubi
762 1556 862 1641 nodi
888 1557 979 1641 sunt
1006 1557 1049 1643 in
1076 1556 1351 1669 quadraturis,¹
1378 1555 1421 1638 ἃ*
1452 1579 1602 1666 corpus
1625 1556 1667 1640 in
1692 1554 1891 1663 syzygiis:
1932 1555 2035 1640 dein

456 1675 601 1762 crescit
626 1677 768 1764 iisdem
795 1679 1000 1789 gradibus,
1028 1681 1175 1792 quibus
1201 1701 1317 1766 antea
1355 1679 1622 1776 decreverat;
1660 1676 1859 1789 nodisque
1895 1679 1949 1761 ad
1970 1678 2031 1790 sy.

456 1801 590 1914 zygias
613 1803 817 1912 proximas
845 1803 1026 1913 appuists,
1054 1804 1105 1888 ad
1125 1803 1444 1912 magnitudinem
1462 1803 1635 1913 primam
1657 1803 1893 1884 revertitur.
2132 1773 2134 1818 *

514 1926 641 2012 Coros.
664 1953 723 2010 tt.
752 1929 960 2040 Quoniam
980 1951 1130 2038 cor-pus
1152 1929 1209 2025 P,
1236 1925 1307 2011 ubi
1336 1927 1437 2012 nodi
1458 1927 1548 2012 suut
1570 1927 1612 2010 in
1639 1923 1912 2037 quadraturis,
1939 1951 2030 2036 per-
2131 1865 2134 1976 i

455 2068 586 2160 petuo
611 2049 783 2137 trahitur
802 2050 856 2136 de
885 2054 1005 2164 plano
1028 2051 1138 2138 orbis
1162 2049 1237 2149 sui,
1264 2051 1391 2163 idque
1410 2051 1453 2136 in
1472 2069 1632 2163 partem
1650 2047 1833 2134 versusS
1856 2050 1899 2134 in
1920 2071 2029 2136 tran·
2133 2071 2134 2114 l

458 2170 533 2260 fitu
557 2169 630 2260 suo
656 2176 814 2264 anodo
843 2177 976 2290 Cper
1005 2175 1335 2286 conjuratorem
1356 2179 1403 2260 A
1417 2176 1470 2262 ad
1490 2175 1648 2263 nodum
1675 2175 1757 2272 Da
1797 2172 1840 2259 dt
1866 2177 1912 2264 in
1929 2203 2028 2264 cors

456 3555 617 3638 trariam
639 3549 860 3656 partemin
884 3547 1050 3632 transttu
1072 3575 1094 3632 a
1112 3547 1227 3634 nodo
1248 3549 1300 3632 D
1321 3573 1394 3660 per
1417 3549 1716 3660 oppositionem
1738 3555 1853 3644 Bad'
1866 3558 2028 3642 nodum:

458 3677 518 3757 C.-
547 3672 798 3758 manifestum
820 3671 889 3766 est,
916 3673 1030 3780 quod
1051 3671 1091 3754 in
1109 3693 1226 3755 motu
1242 3672 1313 3756 suo
1337 3703 1359 3756 a
1379 3673 1492 3760 nodo
1515 3677 1554 3762 C
1566 3704 1714 3790 corpus
1734 3702 1941 3794 perpetuo
1964 3709 2022 3767 re·

456 3797 567 3882 cedit
593 3795 642 3878 ab
665 3793 773 3876 orbis
796 3789 854 3875 sui
877 3793 997 3901 plano
1025 3794 1158 3902 primo
1189 3795 1295 3894 CD,
1330 3797 1457 3912 usque
1485 3798 1585 3886 dum
1613 3827 1859 3916 perventum
1887 3804 2018 3889 estad

456 3923 609 4008 nodum
636 3919 897 4030 proximum
928 3917 1106 4030 ideoque
1130 3921 1170 4004 in
1196 3921 1274 4006 hoc
1298 3925 1426 4022 nodo,
1454 3925 1681 4036 longissime
1701 3931 1848 4016 dillans
1865 3959 1888 4014 a
1903 3934 2019 4041 plano

454 4049 524 4132 illo
550 4044 684 4156 ptimo
710 4043 817 4139 C‘D,
852 4039 986 4124 transrt
1015 4067 1088 4152 per
1117 4045 1281 4152 planum
1309 4047 1419 4132 orbis
1443 4047 1485 4128 E
1499 4049 1586 4132 ST
1605 4053 1758 4138 nonin
1786 4055 1892 4165 plani
1919 4056 2019 4137 illins

456 4173 569 4258 nodo
596 4171 724 4253 altero
749 4170 814 4265 D,
843 4167 913 4251 sed
939 4170 979 4252 in
1006 4171 1157 4279 puncto
1182 4171 1296 4284 quod
1320 4174 1417 4257 inde
1436 4176 1567 4284 uergit
1592 4176 1645 4260 ad
1672 4203 1805 4290 partes
1834 4184 2022 4291 corporis

457 4299 500 4396 S,
527 4296 724 4409 quodque
744 4293 916 4406 proinde
944 4321 1072 4380 novus
1096 4297 1153 4380 eli
1172 4297 1271 4381 nodi
1299 4299 1411 4382 locus
1431 4300 1472 4384 in
1498 4305 1701 4390 anteriora
1723 4331 1911 4415 vergens.
1969 4303 2022 4390 Et
2131 4343 2132 4414 y

457 4423 569 4508 stmili
593 4437 834 4528 argumento
860 4441 1032 4528 pergent
1055 4419 1155 4503 nodi
1184 4425 1378 4508 recedere
1399 4426 1441 4510 in
1463 4426 1628 4512 transrtu
1658 4433 1843 4542 corporis
1865 4430 1920 4515 de
1941 4431 2021 4516 hoc

456 4546 568 4632 nodo
588 4545 628 4628 in
648 4544 802 4628 nodum
823 4553 1062 4653 proximum.
1093 4544 1204 4627 Nodi
1222 4547 1343 4655 igitur
1359 4549 1399 4633 in
1421 4552 1678 4662 quadraturis
1696 4555 1908 4640 conilituti
1931 4581 2022 4665 per·

456 4693 581 4784 petuo
616 4668 845 4762 recedunt;
873 4667 913 4752 in
946 4669 1127 4778 syzygiis,
1157 4671 1225 4752 ubi
1259 4695 1394 4758 motus
1427 4675 1470 4759 in
1500 4678 1757 4764 latitudinem
1785 4681 1840 4765 nil
1861 4704 2021 4792 pettur·
2130 4707 2131 4780 y

454 4795 855 4912 batur„quiescuut;
885 4795 926 4876 in
946 4797 1045 4878 locis
1070 4797 1338 4897 intermediis,
1372 4799 1624 4892 conditionis
1653 4806 1863 4922 utriusque
1896 4809 2019 4918 parti·

1894 4959 2027 5044 cipes,
