4450 5674
723 234 1273 364 euxinxio.

220 397 333 484 cebit
352 417 485 511 neque
505 391 670 482 extensa
699 389 796 494 else,
821 421 898 481 nec
921 397 1101 496 mobilia,
1126 422 1203 481 nec
1232 395 1566 507 impenetrabilia,
1591 419 1687 485 cum
1716 398 1781 483 hae

216 524 391 610 fixarum
419 517 650 606 affestiones
678 521 863 606 nondum
883 519 958 606 sint
977 523 1211 608 observatae.
1266 519 1382 633 Quid
1409 545 1510 632 opus
1540 523 1598 608 est
1621 522 1780 609 verbis?

215 649 324 734 inter
344 649 549 758 primarias
567 647 779 761 qualitates
801 669 1025 756 corporum
1060 644 1341 734 universorum
1363 646 1427 729 vel
1459 647 1631 754 gravitas
1661 645 1783 735 habe·

216 779 452 875 bitlocum;
480 775 546 861 vel
568 773 765 871 extensio,
792 773 1010 872 mobilitas,
1036 767 1452 883 &impenetrabilitas
1466 797 1549 858 non
1563 772 1782 867 habebunt,

217 907 274 994 Et
303 927 444 993 natura
476 929 615 988 rerum
638 903 704 986 vel
732 895 842 984 redte
869 900 1137 1013 explicabitur
1164 923 1237 1010 per
1264 923 1487 1004 corporum
1519 900 1782 1008 gravitatem,

217 1035 283 1118 vel
303 1059 386 1119 non
415 1025 525 1118 rede
545 1027 814 1139 explicabitur
837 1052 911 1137 per
930 1049 1152 1140 corporum
1176 1023 1472 1122 extenlionem,
1498 1024 1784 1128 mobilitatem,

218 1154 716 1269 &impenetrabilitatem
1176 1247 1183 1258 ¹

273 1285 417 1370 Audio
446 1281 659 1367 nonnullos
692 1281 795 1364 hanc
828 1276 1060 1388 improbare
1093 1271 1415 1374 conclusionem,
1450 1273 1494 1358 de
1523 1276 1577 1360 de
1609 1279 1783 1364 occultis

219 1411 476 1528 qualitatibus
494 1407 630 1493 nescio
650 1406 752 1520 quid
771 1402 988 1490 mussitare.
1037 1401 1291 1490 Gravitatem
1309 1402 1462 1488 scilicet
1481 1402 1689 1485 occultum
1702 1400 1783 1486 else

219 1539 335 1654 quid,
362 1554 562 1647 perpetuo
584 1532 760 1643 argutari
787 1529 939 1627 solemn
967 1529 1148 1613 occultas
1167 1555 1268 1614 vero
1287 1527 1421 1614 causas
1442 1531 1587 1639 procul
1615 1523 1694 1612 effe
1714 1526 1783 1610 ab·

218 1665 406 1775 legandas
424 1691 447 1746 a
466 1657 729 1774 philosophia.
785 1653 866 1742 His
891 1674 1027 1741 autem
1046 1656 1165 1740 facile
1184 1655 1477 1768 respondetur;
1506 1654 1684 1737 occultas
1704 1650 1783 1739 else

219 1790 371 1887 causas,
406 1813 491 1874 non
509 1785 592 1870 illas
614 1783 785 1898 quidem
804 1808 978 1896 quarum
996 1780 1205 1867 existentia
1221 1808 1296 1893 per
1322 1777 1623 1866 observationes
1651 1775 1784 1864 claris·

220 1918 316 2002 sime
335 1909 647 2006 demonstratur,
674 1907 739 1994 sed
758 1910 826 1992 has
840 1906 968 1993 solum
983 1934 1155 2020 quarum
1172 1908 1334 1992 occulta
1354 1903 1411 1988 est
1432 1902 1475 1987 δι
1496 1899 1587 1988 fieta
1607 1904 1784 1990 existen·

221 2043 277 2128 tia
297 2039 487 2126 nondum
500 2062 605 2144 *vero
625 2034 904 2146 comprobata.
961 2033 1149 2118 Gravitas
1168 2058 1268 2142 ergo
1289 2058 1373 2117 non
1393 2032 1471 2114 erit
1496 2031 1657 2116 occulta
1670 2031 1785 2117 causa

222 2187 410 2254 motuum
444 2149 682 2255 caelestium;
730 2161 930 2273 siquidem
961 2188 1014 2245 ex
1035 2161 1313 2272 phaenomenis
1336 2159 1537 2244 ostensum
1564 2157 1633 2258 est,
1681 2159 1785 2244 hanc

222 2292 417 2374 virtutem
439 2283 579 2371 revera
602 2283 786 2370 exiliere.
841 2283 903 2368 Hi
931 2287 1067 2395 potius
1092 2286 1141 2370 ad
1164 2287 1344 2370 occultas
1361 2281 1604 2392 confugiunt
1629 2283 1785 2382 causas;

220 2417 292 2528 qui
315 2413 450 2500 nescio
477 2438 581 2525 quos
602 2413 795 2510 vorticeS,
822 2414 1004 2497 materiae
1027 2397 1236 2521 cujusdam
1265 2412 1426 2525 prorsus
1454 2405 1606 2494 fiditiae
1627 2409 1670 2494 de
1700 2411 1786 2496 sen-

222 2542 325 2625 sihus
344 2539 515 2624 omnino
537 2539 706 2646 ignotae,
734 2536 908 2621 motibus
929 2537 1071 2624 iisdem
1096 2535 1286 2645 tegendis
1305 2535 1548 2649 ptaeficiunt.

275 2662 429 2748 Ideone
451 2680 588 2745 autem
611 2660 783 2770 gravitas
806 2662 967 2744 occulta
997 2658 1111 2743 eausa
1139 2657 1317 2757 dicetur,
1344 2687 1479 2772 eoque
1500 2659 1669 2745 nomine
1697 2658 1788 2766 reji-

223 2789 396 2873 cieture
417 2785 683 2896 philosophia,
712 2782 827 2895 quod
841 2783 954 2867 causa
975 2782 1094 2893 ipsius
1114 2783 1321 2888 gravitatis
1349 2784 1511 2868 occulta
1539 2781 1596 2865 est
1626 2781 1669 2865 dc
1687 2807 1789 2867 non·

225 2905 325 2989 dum
339 2906 526 2990 inventa?
548 2908 633 3017 Qui
649 2907 701 2989 sic
721 2909 911 3006 statuunt,
940 2907 1105 2992 videant
1122 2908 1276 3021 nequid
1296 2909 1466 2995 statuant
1486 2906 1661 3006 absurdi,
1678 2911 1789 2996 unde

223 3031 348 3115 totius
374 3030 538 3115 tandem
553 3029 818 3140 philosophiae
838 3032 1101 3115 fundamenta
1121 3034 1413 3141 convellantur.
1452 3029 1638 3133 ¹Etenim
1662 3034 1789 3119 causae
1845 3027 1848 3032 “

223 3157 422 3242 continuo
448 3181 557 3240 nexu
577 3153 805 3266 procedere
832 3154 960 3238 solent
990 3183 1011 3238 a
1035 3156 1269 3268 compositis
1290 3161 1338 3242 ad
1359 3157 1619 3269 simpliciora:
1648 3159 1718 3243 ubi
1739 3161 1791 3246 ad

223 3282 381 3367 causam
397 3278 722 3390 simplicissimam
743 3281 993 3388 perveneris,
1019 3281 1206 3388 jamnon
1230 3282 1369 3367 licebit
1389 3283 1556 3368 ulterius
1582 3285 1791 3391 progredi.

223 3404 365 3489 Causae
387 3405 511 3511 igitur
539 3401 834 3510 simplicissimae
854 3405 960 3486 nulla
980 3404 1066 3487 dari
1082 3405 1213 3512 potest
1237 3407 1471 3489 mechanica
1493 3406 1731 3512 explicatio:
1762 3413 1792 3496 fi

223 3530 391 3614 daretur
419 3528 551 3623 enim,
574 3524 706 3608 eausa
745 3524 931 3609 nondum
952 3523 1050 3609 esset
1069 3526 1363 3637 simplicissima.
1420 3525 1510 3612 Has
1543 3550 1588 3613 tu
1617 3531 1791 3640 proinde

222 3655 356 3740 causas
381 3651 682 3762 simplicissimas
713 3651 927 3762 appellabis
954 3655 1154 3750 occultae,
1194 3653 1419 3738 &exulare
1442 3651 1625 3770 jubebis?
1663 3658 1792 3744 Simul

223 3806 323 3865 vero
356 3777 576 3864 exulahunt
605 3773 648 3858 δι
679 3775 728 3858 ab
755 3775 814 3858 his
840 3777 1028 3888 proxime
1055 3775 1280 3886 pendentes
1312 3779 1358 3863 dc
1382 3803 1474 3889 quae
1502 3781 1551 3864 ab
1571 3781 1645 3865 illis
1664 3799 1791 3894 porro

222 3903 420 4017 penderit,
449 3901 574 4014 usque
595 3898 695 3982 dum
716 3926 738 3982 a
756 3900 879 3984 causis
897 3901 1089 3986 omnibus
1112 3926 1239 3986 vacua
1259 3901 1383 3986 suerit
1405 3901 1447 3983 ἃ
1472 3905 1602 4014 probe
1622 3927 1790 4016 purgata

224 4026 486 4139 philosophia.

279 4151 383 4236 Sunt
407 4151 479 4261 qui
509 4151 749 4259 gravitatem
773 4162 923 4258 praeter
951 4169 1135 4234 naturam
1162 4147 1241 4234 esse
1269 4149 1433 4248 dicunt,
1475 4148 1520 4234 δι
1549 4147 1789 4232 miraculum

223 4294 470 4390 perpetuum
491 4291 649 4358 vocant.
698 4270 838 4384 Itaque
859 4270 1123 4378 rejiciendam
1151 4272 1411 4371 effe'volunt,
1439 4299 1533 4358 cum
1556 4275 1597 4356 in
1627 4273 1789 4384 physica

224 4400 572 4513 praeternaturales
598 4398 727 4483 causae
757 4399 895 4482 locum
930 4425 1015 4484 non
1045 4402 1230 4485 habeant.
1295 4397 1411 4484 Huic
1445 4391 1599 4511 ineptae¹
1630 4398 1791 4511 prorsus

225 4521 446 4629 objedioni
461 4520 679 4617 diluendae,
707 4547 799 4633 quae
823 4519 864 4604 δι
884 4521 965 4633 ipsa
982 4523 1276 4635 philosophiam
1294 4523 1447 4607 subruit
1464 4525 1703 4620 universam,
1719 4525 1790 4608 vix

227 4669 362 4752 opetae
384 4645 562 4753 pretium
579 4643 637 4728 est
668 4644 889 4729 immorari.
945 4643 1026 4730 Vel
1043 4647 1152 4730 enim
1173 4647 1412 4754 gravitatem
1430 4647 1681 4756 ,corporibus
1701 4669 1789 4726 om·
1849 4737 1853 4742 ,

227 4767 344 4854 nibus
372 4768 543 4854 inditam
571 4765 650 4855 eise
672 4771 899 4881 negabunt,
931 4771 1047 4881 quod
1068 4793 1204 4858 tamen
1235 4770 1319 4857 dici
1339 4797 1425 4858 nou
1451 4771 1609 4884 potest:
1639 4773 1704 4853 vel
1734 4793 1787 4852 eo

1618 4916 1787 4980 nomine
