4450 5674
462 221 1507 328 PrtthrrrAMATHEMATrcA.
1722 222 1780 366 '25

218 403 307 492 lana
331 398 439 486 arde
465 373 836 517 conglomerata&
865 398 1028 484 sortiter
1056 397 1267 487 constristat
1292 402 1352 490 src·
1374 406 1537 490 tentavi.
1594 405 1779 497 Primum
1829 413 1981 554 §⁴122qu

222 524 479 616 demittendo
497 522 734 635 pendula&
749 523 1017 610 mensurando
1045 525 1327 627 reflexionem,
1354 531 1491 618 inveni
1510 535 1779 646 quantitatem

221 655 281 740 vis
307 651 500 745 elallicae;
538 647 689 733 deinde
716 673 789 758 per
822 648 923 736 hanc
950 654 1034 738 vim
1061 652 1329 741 determinavi
1361 657 1604 745 reflexiones
1630 662 1673 744 in
1698 663 1782 746 aliis

219 775 371 862 casrbus
389 773 675 869 concursuum,
711 769 753 854 dc
773 772 1071 882 respondebant
1102 779 1390 886 experimenta.
1444 779 1652 868 Redibant
1681 781 1785 872 sem·

217 928 293 1014 per
312 901 403 1013 pilae
424 899 474 982 ab
494 899 669 982 invicem
701 921 795 982 cum
824 899 1039 982 velocitate
1065 901 1240 997 relativa,
1275 929 1369 1016 quae
1393 903 1489 988 esset
1515 905 1566 992 ad
1593 909 1785 998 velocita-

217 1050 306 1116 tem
326 1027 534 1112 relativam
560 1023 777 1108 concursus
799 1043 845 1106 ut
867 1053 889 1125 5
912 1024 963 1108 ad
984 1053 1007 1130 9
1031 1026 1202 1118 circiter.
1258 1025 1417 1116 Eadem
1439 1032 1525 1120 sere
1553 1059 1648 1122 cum
1671 1041 1781 1125 velo·

217 1156 345 1241 citare
371 1150 558 1236 redibant
586 1149 677 1259 pilae
698 1175 751 1232 ex
769 1148 961 1260 chalybe:
990 1153 1076 1236 aliae
1096 1179 1149 1238 ex
1173 1155 1314 1242 subere
1340 1183 1436 1244 cum
1456 1169 1576 1272 paulo
1592 1170 1780 1257 minore:

216 1285 263 1368 in
281 1277 421 1364 vitreis
443 1295 578 1359 autem
601 1275 814 1385 proportio
838 1295 923 1358 erat
946 1303 992 1379 15
1019 1277 1069 1362 ad
1098 1287 1144 1360 16
1162 1283 1336 1368 circiter.
1392 1287 1529 1402 Atque
1552 1294 1632 1380 hoc
1661 1289 1779 1405 patio

216 1409 288 1494 lex
302 1404 420 1490 tertia
432 1399 566 1516 quoad
580 1399 680 1482 idus
696 1396 740 1481 de
758 1395 1001 1486 reflexiones
1014 1427 1088 1513 per
1104 1403 1301 1496 theoriam
1320 1418 1585 1524 comprobata
1597 1420 1666 1519 est,
1683 1444 1776 1537 quae

217 1557 316 1618 curn
334 1525 583 1640 experientia
598 1525 713 1634 plane
732 1527 934 1632 congruit.

271 1655 317 1742 In
346 1651 650 1739 attractionibus
677 1675 765 1734 rem
791 1649 844 1734 fic
874 1651 1053 1738 breviter
1080 1645 1263 1744 ostendo.
1331 1663 1590 1778 Corporibus
1617 1673 1778 1764 duobus

212 1782 422 1902 quibusvis
443 1784 497 1876 A,
520 1779 561 1862 B
587 1776 626 1862 se
655 1796 801 1862 mutuo
824 1780 1087 1880 trahentibus,
1129 1786 1302 1898 concipe
1330 1793 1577 1883 obstaculum
1603 1804 1779 1914 quodvis

212 1908 438 2023 interponi,
463 1931 547 2019 quo
568 1897 799 2014 congressus
826 1929 969 1990 eorum
991 1908 1248 2019 impediatur.
1303 1913 1345 2000 Si
1372 1945 1520 2031 corpus
1539 1929 1777 2022 alterutrum

215 2044 268 2127 A
287 2033 413 2147 magis
443 2031 613 2116 trahitur
645 2031 780 2116 versus
810 2058 960 2143 corpus
989 2038 1157 2122 alterum
1184 2039 1238 2137 B,
1273 2067 1396 2153 quam
1421 2049 1520 2134 illud
1546 2055 1718 2143 alterum
1737 2060 1780 2140 B

213 2170 262 2254 in
282 2165 392 2276 prius
417 2161 471 2255 A,
505 2155 754 2240 obstaculum
780 2159 906 2265 magis
930 2161 1136 2270 urgebitur
1164 2167 1364 2275 pressione
1385 2178 1568 2286 corporis
1592 2185 1780 2297 Aquam

215 2289 424 2409 pressione
443 2284 626 2395 corporis
653 2283 718 2380 B;
747 2284 1003 2398 proindeque
1023 2315 1105 2376 non
1125 2293 1302 2379 manebit
1322 2299 1365 2384 in
1385 2305 1623 2415 aequilibrio.
1669 2313 1777 2400 Prae·

212 2415 367 2504 valebit
404 2406 552 2522 pressio
579 2407 739 2505 sortior,
774 2408 977 2522 facietque
1005 2432 1049 2496 ut
1077 2415 1241 2526 systema
1274 2448 1496 2534 corporum
1529 2431 1704 2522 duorum
1732 2439 1778 2526 dc

215 2538 413 2632 obstaculi
430 2553 642 2620 moveatur
660 2533 703 2618 in
723 2531 923 2620 direslum
944 2537 984 2621 in
1003 2560 1134 2650 partes
1150 2546 1283 2630 versus
1298 2548 1349 2646 B,
1367 2575 1565 2667 motuque
1583 2559 1624 2646 in
1645 2563 1779 2674 spatiis

212 2669 353 2758 liberis
374 2667 528 2772 semper
547 2661 774 2744 accelerato
801 2660 916 2747 abeat
944 2666 986 2748 in
1006 2667 1219 2786 infinitum.
1266 2673 1394 2785 Quod
1421 2680 1476 2764 est
1497 2684 1712 2776 absurdum
1732 2693 1778 2778 dc

214 2793 302 2902 legi
330 2789 472 2901 primae
501 2785 761 2869 contrarium.
816 2784 921 2870 Nam
949 2814 1022 2897 per
1052 2794 1185 2902 legem
1218 2798 1390 2906 primam
1420 2803 1586 2896 debebit
1612 2813 1779 2925 systema

214 2916 476 3033 perseverare
503 2911 543 2995 in
570 2907 671 2992 statu
696 2909 768 2993 suo
795 2911 1029 3022 quiescendi
1061 2921 1124 3002 vel
1152 2928 1340 3011 movendi
1368 2931 1625 3023 uniformiter
1653 2940 1696 3026 in
1715 2944 1776 3030 di.

212 3040 391 3138 redum,
419 3033 676 3148 proindeque
704 3047 878 3148 corpora
903 3041 1110 3152 aequaliter
1137 3051 1341 3156 urgebunt
1367 3057 1627 3162 obllaculum,
1653 3064 1697 3150 dc
1714 3070 1777 3155 id·

214 3171 331 3254 circo
354 3163 561 3276 aequaliter
589 3161 797 3245 trahentur
824 3163 866 3246 in
897 3164 1087 3253 invicem.
1142 3169 1320 3262 Tentavi
1347 3181 1426 3266 hoc
1454 3185 1496 3268 in
1523 3191 1777 3296 magnete&

212 3297 340 3382 serto.
395 3291 437 3374 Si
455 3289 543 3373 haec
563 3288 605 3370 in
623 3287 788 3369 vasculis
811 3293 983 3396 propriis
1004 3294 1084 3378 sese
1102 3301 1431 3410 contingentibus
1451 3311 1611 3400 seorsrtn
1637 3321 1779 3429 postta,

213 3425 260 3508 in
292 3441 395 3531 aqua
424 3415 627 3520 stagnante
661 3407 774 3516 julita
800 3412 990 3514 lluitent;
1033 3443 1224 3508 neutrum
1256 3437 1454 3542 propellet
1484 3440 1669 3540 alterum,
1705 3443 1783 3532 sed

214 3542 447 3656 aequalitate
475 3532 721 3618 attractionis
754 3535 944 3647 utrinque
976 3539 1221 3628 sullinebunt
1254 3578 1423 3644 conatus
1449 3559 1491 3648 in
1521 3565 1563 3648 se
1598 3586 1777 3670 mutuos,

213 3697 261 3755 ac
291 3663 455 3752 tandem
475 3661 515 3743 in
538 3655 764 3770 aequilibrio
783 3661 999 3748 conllituta
1017 3667 1238 3778 quiescent.

218 3859 225 3870 .
268 3793 336 3879 Sic
363 3790 484 3874 etiam
515 3793 684 3894 gravitas
710 3785 816 3870 inter
843 3807 991 3874 tetram
1015 3791 1059 3876 dc
1086 3796 1170 3903 ejus
1196 3823 1329 3911 partes
1358 3831 1497 3902 mutua
1528 3818 1598 3904 est.
1657 3809 1776 3906 Sece.

213 3942 284 4008 tur
315 3939 420 4002 terra
451 3911 494 3992 F
512 3909 540 3990 I
560 3911 680 4022 plano
710 3910 855 4020 quovis
888 3911 987 3996 EG
1024 3918 1066 4002 in
1096 3942 1228 4030 partes

215 4046 317 4131 duas
345 4038 386 4119 E
396 4034 490 4118 GF
505 4033 549 4116 dc
575 4033 615 4114 E
629 4034 667 4116 G
677 4033 723 4114 I:
753 4031 794 4116 dc
822 4038 988 4146 aequalia
1013 4064 1133 4126 erunt
1162 4046 1228 4132 ha.
1336 4041 1362 4094 n
1675 4019 1707 4112 u
1898 4039 1899 4042 κ

214 4195 308 4256 rum
324 4161 507 4278 pondera
525 4160 566 4242 in
585 4161 626 4244 se
642 4181 800 4246 mutuo.
855 4161 1137 4280 Namsrplano
1151 4173 1230 4259 alio
1821 4180 1823 4184 ·

216 4295 267 4384 H
281 4294 329 4376 K
359 4287 469 4404 quod
501 4284 628 4395 priori
656 4286 700 4368 E
724 4289 762 4372 G
787 4294 1016 4401 parallelum
1043 4298 1103 4395 stt,
1139 4323 1228 4410 pars

215 4419 344 4526 major
365 4417 453 4500 EG
462 4411 491 4494 I
513 4413 670 4498 secetur
697 4417 740 4503 in
761 4439 893 4530 partes
913 4422 1010 4510 duas
1035 4425 1077 4508 E
1086 4427 1181 4510 GK
1185 4427 1236 4512 H
1258 4391 1281 4441 r

216 4541 327 4624 &·H
334 4543 378 4624 K
381 4539 420 4639 I,
435 4563 606 4653 quarum
628 4539 679 4622 H
681 4541 727 4624 K
732 4542 757 4624 I
773 4546 934 4656 aequalis
949 4547 995 4632 srt
1014 4554 1115 4662 parti
1145 4552 1228 4664 pri·

216 4689 264 4748 us
296 4664 465 4752 abscilsae
504 4669 545 4750 E
566 4669 609 4750 F
624 4669 693 4750 G:
736 4670 987 4759 manifestum
1024 4675 1227 4790 estquod

217 4812 308 4898 pars
339 4793 472 4878 media
508 4793 658 4878 ΕΘΚ
670 4793 721 4876 H
748 4798 933 4908 pondere
975 4802 1145 4912 proprio·
1184 4805 1228 4890 in
1343 4792 1370 4853 Ε
1680 4791 1706 4841 ¹³

216 4937 402 5004 neutram
431 4924 607 5034 partium
638 4938 912 5011 extremarum
944 4926 1231 5133 prEopendebin
1267 4930 1338 5020 sed
1364 4933 1775 5186 interutramqqngr
