4338 5656
297 185 299 192 ’
440 198 538 322 506
702 133 1236 302 atticotorum
1282 189 1741 296 n-nrunnnrs

226 351 414 494 gfflffi
439 359 558 445 batur
583 387 605 446 a
632 361 789 448 circulo
813 364 1005 446 maximo.
1060 363 1165 446 Nam
1188 357 1232 443 &
1257 357 1395 443 mense
1412 349 1635 442 Novembri
1665 355 1801 441 cursus
1821 357 1915 468 ejus
1936 362 2013 446 tri·
2118 461 2119 472 ᾖ

440 485 514 572 bus
534 485 671 572 saltem
689 487 879 598 gradibus
893 489 943 571 ab
958 486 1145 597 ecliptica
1160 487 1201 570 in
1216 485 1391 570 austrum
1408 483 1650 579 declinabat,
1664 483 1858 594 &postea
1873 489 2011 573 mense
2118 479 2119 484 ‘

440 611 662 696 Decembri
689 613 879 722 gradibus
906 642 955 720 29
989 613 1184 720 vergebat
1216 614 1266 696 ab
1291 612 1480 722 ecliptica
1502 608 1546 694 in
1571 607 1897 722 septentrionem
1926 641 2010 722 par·

442 736 550 822 tibus
575 736 728 823 duabus
750 739 911 836 orbitae,
935 741 978 822 in
1002 738 1147 852 quibus
1169 759 1331 821 cometa
1355 733 1548 819 tendebat
1575 735 1762 820 insulem
1784 733 2006 822 &redibat

444 889 468 948 a
489 862 585 962 sole,
610 865 758 972 angulo
782 884 999 976 apparente
1025 857 1226 972 graduum
1246 865 1334 974 plus
1354 851 1518 968 triginta
1538 857 1590 942 ab
1606 861 1785 944 invicem
1806 862 2010 948 declinan-

445 988 567 1086 tibus,
592 1008 638 1073 ut
659 986 884 1072 observavit
905 987 1184 1072 Montenarrrs.
1225 984 1425 1095 Pergebat
1444 987 1511 1068 hic
1530 1005 1692 1069 cometa
1716 1013 1789 1096 per
1811 988 1925 1098 signa
1943 1017 2010 1072 no·

445 1129 558 1210 vern,
585 1111 753 1198 aleonis
772 1111 926 1196 scilicet
949 1112 1096 1196 ultimo
1116 1109 1246 1219 gradu
1269 1111 1321 1196 ad
1341 1112 1590 1222 principium
1612 1112 1892 1218 geminorum,
1918 1141 2011 1225 prae·-

447 1253 512 1322 tet
526 1234 681 1345 iignum
698 1233 841 1332 leonis,
861 1259 934 1345 per
947 1231 1062 1347 quod
1082 1233 1278 1344 pergebat
1291 1253 1508 1346 antequam
1524 1231 1656 1318 videri
1670 1235 1829 1344 coepit;
1852 1234 2021 1322 &nulla

445 1361 521 1444 alia
546 1378 657 1445 extat
684 1358 857 1455 theoria,
894 1382 974 1473 qua
1001 1377 1165 1442 cometa
1195 1377 1345 1440 tantam
1380 1357 1480 1442 coeli
1508 1374 1666 1467 partem
1693 1379 1816 1444 motu
1843 1359 2015 1471 regulari

440 1501 667 1595 percurrat.
722 1473 869 1566 Motur
898 1479 984 1589 ejus
1008 1481 1086 1566 fuit
1113 1481 1290 1564 maxime
1309 1481 1572 1593 inaequabilis.
1629 1481 1737 1566 Nam
1764 1483 1880 1567 circa
1907 1485 2015 1570 diem

440 1605 681 1717 vigesimum
698 1601 944 1687 Novembrrir
970 1603 1174 1716 descripiit
1207 1602 1355 1711 gradus
1381 1603 1548 1688 circiter
1566 1603 1752 1716 quinque
1771 1605 1936 1716 fingulis
1953 1607 2005 1691 di·

441 1729 570 1830 ebusa
596 1727 695 1814 dein
716 1750 837 1814 motu
862 1729 1072 1816 retardato
1095 1731 1201 1814 inter
1221 1725 1415 1811 Novemb.
1434 1732 1488 1809 26
1514 1725 1558 1812 dr
1578 1729 1768 1814 Decemb.
1798 1758 1863 1828 12,
1889 1731 2007 1842 spatio

439 1849 595 1942 scilicet
615 1853 778 1939 dierum
798 1853 1037 1966 quindecim
1056 1878 1151 1937 cunt
1171 1849 1338 1950 semisse,
1360 1851 1569 1964 descripsit
1587 1853 1737 1962 gradus
1757 1869 1912 1938 tantum
1930 1885 2009 1962 403,

441 1975 581 2087 postea
601 1999 704 2058 vero
726 1993 845 2058 motu
868 1977 1021 2059 iterum
1045 1973 1287 2072 accelerato,
1317 1971 1526 2083 descripsit
1556 1972 1705 2084 gradus
1724 1973 1816 2060 sere
1832 1976 2010 2090 quinque·
2118 2075 2119 2086 p

443 2094 606 2205 fingatis
636 2093 798 2194 diebus,
825 2115 1045 2210 antequam
1079 2115 1215 2180 motus
1244 2097 1394 2183 iterum
1424 2095 1622 2182 retardari
1649 2099 1798 2210 coepit.
1849 2095 2003 2185 Ettbe--
2073 2206 2076 2212 Ι
2118 2087 2119 2124 ³

443 2219 545 2320 oria,
563 2243 657 2334 quae
675 2219 808 2304 motui
827 2237 911 2306 tarn
929 2220 1161 2334 inaequabili
1183 2245 1256 2334 per
1276 2223 1494 2330 maximam
1513 2222 1613 2305 coeli
1627 2243 1785 2334 partem
1802 2223 1925 2334 probe
1942 2249 2009 2309 re-.

440 2343 629 2458 spondet,
654 2369 830 2462 quaque
856 2343 1017 2434 easdem
1045 2347 1231 2433 observat
1258 2347 1367 2460 leges
1385 2373 1483 2432 cum
1506 2347 1663 2434 theoria
1683 2348 2001 2460 planetarum&
2118 2381 2119 2388 *

442 2491 543 2554 cum
567 2471 766 2555 accuratis
794 2471 1143 2560 observationibus
1168 2471 1450 2559 astronomicis
1476 2493 1666 2558 accurate
1693 2476 1898 2584 congruit,
1922 2499 2016 2558 non

442 2593 578 2711 potest
595 2619 682 2682 non
702 2594 785 2682 effe
807 2623 915 2684 vera.

499 2714 999 2838 Ceterumtrajedoriam
1018 2744 1141 2838 qpam
1166 2739 1330 2812 cometa
1355 2717 1595 2836 descripsit„
1608 2719 1653 2812 dr
1673 2697 1846 2812 caudam
1870 2745 2017 2810 reram

442 2805 483 2912 ‘r

452 2884 479 2946 ᾗ]

452 4491 576 4596 quatu
594 4478 754 4595 singulis
769 4486 813 4575 in
830 4485 932 4578 locis
951 4491 1141 4608 projecit,
1167 4497 1297 4586 visutn
1319 4499 1376 4586 est
1403 4524 1564 4588 anneto
1589 4495 1801 4588 schcmate
1826 4499 1870 4588 in
1889 4491 2016 4610 ptam

452 4605 693 4718 trajedioriae
726 4611 944 4703 delineatas
979 4619 1174 4710 exhibere
1188 4651 1217 4710 ε,
1253 4623 1326 4711 ubi
1358 4627 1409 4712 A
1414 4625 1512 4712 BC
1538 4623 1710 4714 denotat
1740 4624 2001 4738 trajectorian

452 4751 652 4840 comete,
677 4735 730 4828 D
750 4736 890 4846 sotem,
923 4745 1031 4834 DE
1056 4747 1297 4861 trajedoriae
1322 4771 1458 4856 axem,
1473 4749 1587 4840 DF
1606 4751 1755 4842 lincam
1788 4751 2006 4964 nodoffi'
