4338 5656
417 269 819 375 uulnerata
865 257 1466 372 Marnnnn't‘rnn.
1642 273 1757 395 4⁶,

24 455 25 504 1
178 435 549 548 lunaris,peudens
568 468 594 524 a
615 437 688 524 srtu
710 437 867 548 apogaei
883 436 989 521 lunae
1014 436 1065 520 ad
1090 435 1230 535 solem,
1257 459 1350 551 quae
1375 441 1745 552 quidemmaxima
1776 443 1969 578 csstMvttq

177 559 236 640 est
253 585 349 644 curn
373 585 587 670 apogeum
606 563 713 644 lunae
734 558 912 644 versatur
935 559 977 642 in
998 559 1158 644 odante
1184 587 1279 644 curn
1299 561 1411 656 sole,
1442 561 1485 645 dc
1514 565 1620 648 nulla
1642 591 1741 686 *cunr
1775 543 1936 586 “mm

24 705 25 752 ῑ
177 682 274 766 illud
298 683 349 768 ad
375 686 636 797 quadraturas
657 686 722 768 uel
741 683 919 794 syzygias
940 685 1151 792 pervenit:
1191 682 1234 767 dr
1255 685 1385 768 motui
1417 688 1555 771 medio
1577 688 1742 773 additur

24 825 26 878 ῑ
175 806 216 890 in
243 807 407 890 transitu
434 809 591 916 apogaei
612 811 717 892 lunae
741 835 763 890 a
787 806 877 890 solis
899 805 1144 917 quadratura
1172 808 1222 891 ad
1246 809 1460 917 syzygiam,
1487 811 1529 893 dc
1552 812 1742 897 subduci·

24 957 25 1004 3
175 947 240 1010 tur
261 927 300 1010 in
322 927 486 1010 transitu
504 929 661 1036 apogaei
681 957 703 1012 a
720 927 880 1038 syzygia
893 926 944 1010 ad
965 927 1264 1038 quadraturam.
1281 927 1390 1012 Haec
1411 934 1601 1042 equatio,
1619 959 1758 1046 quam·

24 1129 27 1134 .
173 1049 405 1134 semellrem
426 1052 598 1146 vocabu,
626 1053 669 1134 in
685 1049 910 1136 odantibus
930 1051 1290 1163 apogaei,quando
1311 1055 1486 1138 maxima
1506 1057 1576 1153 cst,
1609 1063 1743 1144 ascen·

24 1209 27 1262 r
176 1175 238 1260 dit
268 1175 320 1256 ad
351 1174 401 1272 ς’.
427 1171 512 1279 45“
547 1175 725 1270 circiter,
763 1191 960 1286 quantum
991 1197 1044 1256 ex
1077 1176 1354 1284 phenomenis
1389 1180 1583 1288 colligere
1610 1185 1746 1292 potui,

24 1339 26 1390 3
177 1293 287 1378 Haec
312 1296 369 1378 est
396 1295 479 1404 ejus
498 1297 697 1408 quantitas
721 1295 762 1380 in
786 1293 1099 1380 mediocrisolis
1124 1296 1308 1382 dillantia
1329 1326 1351 1380 a
1376 1318 1494 1384 terra.
1553 1305 1743 1412 Augetur

24 1461 27 1514 f
177 1443 277 1500 vero
303 1445 348 1502 ac
370 1419 611 1504 diminuitur
635 1420 679 1502 ln
707 1419 905 1527 triplicata
928 1419 1084 1504 ratione
1104 1421 1298 1506 distantlae
1322 1421 1411 1508 solis
1428 1425 1600 1524 inverse,
1626 1431 1742 1517 ideo-

24 1591 27 1640 3
176 1561 257 1648 que
280 1537 321 1622 in
349 1541 523 1628 maxima
543 1539 632 1624 solis
650 1539 904 1624 distantiaest
926 1538 975 1636 3'-
999 1539 1094 1646 34'f,
1115 1542 1157 1626 aa
1180 1546 1222 1628 in
1243 1545 1408 1639 minima
1431 1545 1480 1643 ς’.
1500 1547 1582 1648 ς6”
1597 1577 1742 1662 quarn·

24 1715 27 1764 ,
175 1659 388 1768 proxima:
416 1661 487 1748 ubi
517 1686 620 1746 vero·
643 1663 988 1773 apogaeum-lunae
1011 1664 1134 1750 srtunaw
1159 1665 1215 1748 ell
1243 1681 1358 1752 extra
1381 1665 1739 1768 odonteseaadit

24 1843 28 1892 y
175 1782 338 1880 minor;
378 1782 518 1894 estque
538 1783 588 1868 ad
619 1786 891 1896 aequa'tiouem
914 1789 1145 1884 maximam,
1182 1811 1228 1872 ut
1249 1789 1353 1874 sanus
1379 1790 1517 1902 duplae
1541 1795 1750 1882 distantias:

24 1969 26 1982 .
175 1907 332 2015 apogaei
354 1905 460 1990 lunae
484 1935 505 1990 a
526 1906 711 2017 proxima
730 1906 891 2022 syzygia
904 1911 976 1994 'vel
1000 1912 1245 2022 quadratura
1270 1913 1321 1996 ad
1347 1915 1518 2002 radium.
1689 1931 1691 1939 ‘

232 2025 311 2112 Per
334 2027 506 2112 eandem
534 2030 738 2136 gravitatis
765 2033 965 2116 theoriam
990 2035 1101 2118 aslio'
1117 2033 1208 2118 solis
1231 2036 1272 2120 in
1302 2038 1436 2124 lunam
1468 2043 1590 2151 paulo
1613 2047 1741 2152 major

176 2149 234 2232 est
255 2150 325 2232 ubi
347 2151 450 2234 linea
468 2153 575 2233 recia
597 2177 670 2260 per
693 2153 825 2238 nodos
844 2155 951 2240 luuae
976 2154 1095 2240 duda
1120 2159 1256 2241 transit
1276 2188 1347 2271 per
1368 2162 1506 2262 solem,
1535 2193 1656 2279 quarn
1672 2172 1748 2257 ubi
1781 2183 1789 2186 ’

177 2272 283 2354 linea
305 2271 371 2354 illa
398 2273 448 2354 ad
475 2273 606 2355 reslos
628 2271 685 2356 est
712 2277 879 2382 angulos
901 2301 1000 2360 curn
1022 2275 1128 2362 resia
1148 2281 1273 2364 solem
1297 2309 1343 2365 ac
1363 2303 1512 2370 terram
1530 2289 1742 2400 jungente.

176 2394 233 2477 Et
260 2391 358 2477 inde
388 2393 519 2478 oritur
545 2395 618 2478 alia
641 2396 767 2479 medii
797 2417 931 2482 motus
962 2401 1108 2486 lunaris
1136 2405 1325 2516 aequatio,
1359 2434 1482 2520 quam
1510 2413 1745 2503 semestrem

177 2514 397 2599 secundam
420 2518 592 2614 vocabo,
620 2543 794 2630 quaeque
817 2523 992 2606 maxima
1014 2523 1071 2607 est
1096 2525 1168 2608 ubi
1201 2528 1301 2612 nodi
1323 2531 1364 2614 in
1394 2532 1484 2617 solis
1514 2537 1740 2624 odantibus

179 2637 400 2735 versantur,
427 2635 470 2719 dt
490 2641 690 2725 evanescit
708 2643 780 2726 ubi
798 2641 952 2746 sunrin
970 2647 1141 2758 syzygiis
1158 2652 1223 2734 vel
1239 2653 1506 2764 quadraturis,
1535 2659 1580 2744 δε
1597 2663 1637 2748 in
1658 2665 1742 2749 aliis

176 2759 383 2845 nodorum
411 2761 679 2871 positionibus
702 2770 1016 2878 proportionalis
1045 2771 1102 2854 ell
1128 2772 1225 2858 finui
1254 2775 1388 2887 duplae
1413 2781 1608 2868 dillantiae
1641 2789 1742 2872 nodi

178 2881 407 2964 alterutrius
436 2913 458 2965 a
491 2888 676 2994 proxima
705 2889 865 3002 syzygia
888 2912 956 2975 aut
977 2892 1246 3006 quadratura:
1277 2901 1444 2986 additur
1472 2931 1571 2991 vero
1600 2910 1741 2995 medio

177 3003 311 3086 motui
334 3003 454 3102 luttae,
483 3004 594 3091 sasol
621 3009 737 3092 distat
762 3039 785 3094 a
815 3012 932 3098 nodo
955 3013 1026 3098 fibi
1048 3021 1306 3125 proximoin
1328 3029 1624 3130 antecedentia,
1653 3035 1743 3122 sub·
1894 3084 1921 3130 ,s

180 3121 346 3208 ducitur
369 3124 397 3207 sa
423 3127 795 3242 inconsequentia,
819 3130 863 3215 δι
885 3133 929 3218 in
947 3131 1191 3237 ostantibus,
1215 3143 1286 3226 ubi
1314 3147 1487 3232 maxima
1510 3150 1579 3248 cst,
1606 3154 1741 3242 aloen·

179 3244 239 3328 dit
262 3246 313 3330 ad
334 3244 421 3353 47''
437 3247 479 3332 in
501 3250 701 3336 mediocri
722 3251 813 3337 solis
832 3255 1014 3341 distantia
1033 3287 1061 3342 a.
1075 3279 1195 3360 terra,
1223 3267 1282 3349 uti
1301 3293 1355 3352 ex
1382 3270 1540 3364 theoria
1566 3279 1741 3386 granta»

151 3371 152 3374 ‘
177 3371 228 3452 tis
247 3369 410 3480 colligo.
467 3369 511 3454 ln
538 3373 622 3456 aliis
649 3373 739 3460 solis
765 3377 959 3466 distantiis
985 3383 1074 3466 haec
1106 3390 1282 3498 aequatio
1308 3397 1481 3482 maxima
1500 3399 1551 3485 in
1571 3399 1742 3492 odanti·
1841 3389 1845 3402 ’

179 3493 254 3576 bus
278 3493 482 3576 nodorum
510 3495 803 3610 ell'reciproce
840 3523 886 3586 ut
914 3506 1041 3590 cubus
1068 3506 1263 3595 dillantiae
1293 3514 1382 3600 solis
1412 3547 1434 3602 a
1464 3539 1584 3623 terra,
1623 3527 1743 3615 ident-

178 3617 325 3726 quein
348 3617 528 3729 perigaeo
552 3619 644 3708 solis
674 3623 725 3710 ad
752 3625 842 3736 49“'
864 3629 908 3716 in
925 3655 1097 3744 apogaeo
1120 3634 1205 3744 eius
1232 3637 1283 3722 ad
1311 3641 1397 3748 ,ιβ’
1419 3645 1742 3742 circiter'ascen-

177 3739 252 3826 dit.
364 3771 382 3808 ··
511 3755 513 3762 “
1315 3811 1318 3820 .
1724 3813 1731 3824 -

231 3861 312 3946 Per
334 3862 506 3948 eandem
527 3872 731 3974 gravitatis
753 3877 954 3964 theoriam·
969 3906 1183 3994 apogaeum
1203 3886 1310 3975 luna
1334 3897 1598 4002 progreditur
1616 3911 1744 4014 quarn

177 3985 356 4070 maxime
377 3987 447 4068 ubi
471 3992 535 4070 vel
564 4017 660 4078 cum
688 3997 769 4082 sole
796 4001 1058 4110 conjungitur
1088 4008 1155 4091 vel
1174 4009 1316 4098 eidem
1342 4021 1580 4127 opponitur,
1609 4023 1654 4106 dr
1679 4049 1742 4106 re·

177 4107 365 4220 greditut
391 4109 461 4192 ubi
484 4138 584 4196 cum
598 4117 679 4202 sole
699 4123 985 4232 quadraturam
1003 4127 1113 4212 facit.
1167 4129 1222 4216 Et
1241 4143 1528 4228 eccentricitas
1549 4145 1596 4230 fit
1610 4149 1741 4232 'marri-

176 4253 244 4312 rna
264 4228 306 4310 in
320 4227 456 4338 priore
472 4231 563 4319 casu
576 4234 620 4318 dc
641 4238 806 4324 minima
818 4243 857 4327 in
884 4247 1119 4354 posteriore,
1137 4274 1210 4359 per
1222 4254 1363 4350 Corol.
1385 4266 1472 4364 7,'8·
1493 4268 1539 4351 δε
1554 4298 1592 4375 9ι
1619 4270 1742 4383 Prup.

178 4379 284 4435 uxvr.
301 4349 394 4436 Lib.
413 4351 441 4436 l.
498 4351 552 4438 Et
581 4361 961 4476 haeinaequalitates
991 4397 1064 4481 per
1092 4374 1238 4462 eadem
1261 4381 1487 4474 Corollaria
1510 4417 1743 4506 permagna

170 4469 282 4568 sunt,
308 4473 352 4558 &
375 4477 649 4590 aequationem
672 4488 934 4598 principalem
958 4493 1115 4603 apogaei
1142 4521 1351 4605 generant,
1369 4517 1494 4620 qu'am
1513 4516 1748 4604 semestrem

180 4592 352 4676 vocabo.
408 4595 462 4680 Et
487 4607 667 4713 aequatio
696 4610 870 4694 maxima
898 4613 1093 4708 semestris
1125 4626 1183 4708 est
1212 4629 1744 4750 12⁸¹·1·8⁴'circiler,qllan·

161 4715 269 4799 'tutu
290 4739 343 4801 ex
365 4717 712 4854 observationibus
733 4733 927 4842 colligere
948 4744 1078 4849 potui.
1134 4743 1367 4836 Horraxias
1387 4755 1522 4841 noster
1541 4761 1677 4845 lanam
1699 4763 1746 4844 ira

510 4989 530 5046 ι
1621 4882 1748 4996 ellipsr
