4450 5674
1304 219 1510 310 ¹⁴²¹.

194 258 941 854 nntoopn
944 561 1028 702 a
1027 316 1617 720 Naroma

214 923 341 1204 P
391 925 552 1260 R
600 891 683 1200 Ι
756 841 932 1246 N
998 919 1142 1276 C
1195 831 1259 1194 Ι
1326 823 1470 1260 P
1517 915 1582 1196 Ι
1642 898 1780 1204 A

265 1353 1669 1548 MATHEMATICA

428 1825 1574 1968 DEFINITIONES

687 2217 1320 2320 DEFINITIOI.

223 2392 473 2540 ‚Quantitas
515 2388 715 2494 materia
749 2389 807 2521 est
845 2393 1053 2510 mensura
1083 2384 1269 2517 ejusdem
1306 2415 1405 2486 orta
1429 2421 1496 2488 ex
1531 2385 1549 2486 ι’
1548 2387 1650 2496 llius
1564 2381 1789 2500 lalen

577 2529 718 2698 strate
748 2555 791 2628 et
818 2524 1134 2688 magnitudine
1143 2521 1416 2654 conjundiim.
1656 2553 1680 2628 ,·

417 2903 612 3012 drupius·;
640 2900 681 2982 in
703 2897 906 3009 triplicato
929 2894 1145 3005 sextuplus.
1201 2891 1315 2978 Idem
1340 2893 1531 3006 intellige,
1547 2896 1603 2984 de
1623 2897 1718 2984 nive
1749 2895 1800 3006 ὃς

418 3025 648 3136 pulveribus
677 3041 750 3133 per
776 3019 1118 3142 compreffionem
1156 3019 1221 3103 vel
1251 3016 1579 3133 liquefactionem
1612 3022 1798 3110 conden

228 3157 329 3246 satis
386 3149 442 3236 Et
469 3180 539 3262 par
558 3150 615 3234 est
634 3150 739 3234 ratio
764 3173 987 3257 corporum
1012 3146 1212 3242 omnium,
1229 3170 1320 3259 quae
1341 3171 1414 3256 per
1443 3148 1576 3236 causas
1602 3122 1801 3262 quascun-

229 3306 311 3395 que
344 3274 616 3360 diveriimode
646 3270 955 3354 condensantur.
1012 3269 1186 3353 Medii
1176 3287 1343 3364 tnterea,
1374 3266 1404 3351 fi
1429 3272 1544 3384 quod
1569 3272 1745 3366 fuerits
1734 3297 1798 3358 tn·

231 3403 339 3488 teri
331 3421 400 3483 tua
438 3398 673 3509 partium
647 3395 774 3477 libere
811 3395 1089 3502 pervadentis,
1132 3393 1198 3478 hic
1236 3393 1384 3478 nullam
1421 3396 1621 3479 rationem
1649 3397 1796 3484 habeo.

232 3525 357 3616 Hanc
389 3545 526 3606 autem
561 3517 827 3632 quantitatem
864 3519 935 3602 sub
970 3521 1137 3602 nomine
1177 3518 1360 3629 corporis
1392 3520 1456 3604 vel
1488 3515 1664 3604 maffae
1653 3548 1696 3625 tn
1738 3523 1798 3609 se·

232 3649 449 3770 quentibus
488 3643 628 3754 paiirm
669 3642 862 3751 inteiligo.
929 3644 1151 3730 innotescit
1191 3669 1238 3728 ea
1279 3667 1354 3754 per
1380 3647 1573 3757 corporis
1602 3641 1798 3792 cujusque

234 3775 424 3891 pondus:
466 3771 572 3858 Nam
582 3769 776 3879 ponderi
808 3772 1155 3880 proportionalem
1182 3767 1259 3854 effe
1285 3770 1420 3880 reperi
1447 3798 1520 3884 per
1546 3776 1802 3886 experimen·

235 3922 276 3988 ta
293 3901 568 4016 pendulorum
585 3891 877 3981 accuratissime
895 3897 1085 3997 instituta,
1113 3898 1174 3983 uti
1190 3892 1383 4050 posthac
1378 3897 1611 4047 docebitur.

232 2773 487 3094 AER
513 2771 710 2858 densitate
742 2767 999 2882 duplicatas
988 2795 1030 2854 tn
1054 2766 1182 2880 spatio
1208 2767 1331 2852 etiam
1365 2765 1586 2879 dupIicat0‚
1617 2737 1666 2880 fit
1694 2793 1795 2884 quaa

696 4153 1459 4266 DEF1N1T1011..

232 4321 486 4470 Quantitas
528 4347 662 4422 motus
703 4321 759 4452 est
802 4328 1007 4444 mensura
1043 4323 1228 4451 ejusdem
1271 4352 1369 4421 orta
1401 4361 1457 4426 ex
1499 4321 1726 4430 velocitate
1758 4357 1802 4432 et

628 4459 878 4596 quantitate
906 4461 1104 4560 materia
1136 4459 1409 4592 conjunclim.
1625 4493 1629 4500 ’

298 4701 443 4791 Motus
468 4701 593 4788 totius
620 4699 678 4787 est
701 4702 854 4789 summa
872 4724 1061 4792 motuum
1080 4705 1124 4792 in
1141 4705 1319 4817 partibus
1338 4707 1524 4820 Anguis,
1565 4709 1773 4828 ideoque
1761 4738 1806 4805 tn

245 4851 418 4943 corpore
446 4827 575 4940 duplo
608 4827 774 4937 majore,
803 4832 1061 4942 aquaticum
1088 4831 1318 4933 velocitate,
1343 4835 1489 4950 duplus
1518 4835 1587 4938 est.
1614 4837 1658 4924 dt
1684 4838 1807 4950 dupla

246 4979 341 5041 cum
367 4953 583 5040 velocitate
612 4951 872 5068 quadruplus

832 5139 835 5144 .
1017 5077 1056 5176 u
1621 5081 1808 5204 onan

1683 245 1837 416 ,ἕ
1989 391 2003 410 .
