4344 5648
448 303 545 432 326
705 301 1232 400 rurtosouurm
1276 295 1742 397 unrunntrs

268 491 283 532 ε
345 491 420 532 οτυ
446 465 587 551 slentia
617 464 727 577 globi
760 466 838 549 erit
868 465 909 547 in
942 461 1086 546 eadem
1118 459 1275 545 ratione
1306 457 1509 544 mediocri
1544 459 1651 544 inter
1679 457 1938 546 resistentiam
1965 461 2008 547 iu

259 571 410 616 ΝΜ
444 591 581 702 primo
607 590 699 673 casu
719 589 761 671 δε
782 587 1041 674 resistentiam
1066 585 1108 668 in
1134 582 1325 669 secundo.
1382 583 1437 700 ἐζ
1461 584 1513 668 E.
1534 583 1570 668 Ι.
2142 659 2143 674 p

500 713 624 797 Corol.
648 739 680 793 1.
709 709 824 795 Hinc
847 706 1037 817 srglobus
1061 705 1333 817 &particulae
1357 703 1431 788 srnt
1463 706 1620 792 infinite
1645 706 1760 802 dura,
1789 704 1832 788 ἃ
1854 709 1896 791 vi
1925 733 2010 792 om·
2143 763 2144 816 ,

443 835 486 918 ni
518 834 674 918 elastica
701 833 744 916 dc
779 852 995 943 propterea
1029 829 1152 912 etiam
1187 827 1227 911 vi
1262 827 1376 911 omni
1401 826 1637 913 reflexionis
1666 826 1880 912 destituta:
1921 829 2009 913 resi·

443 956 584 1041 slentia
614 955 725 1066 globi
751 958 828 1039 erit
856 953 906 1038 acl
927 955 1013 1036 vim
1037 978 1119 1062 qua
1140 971 1251 1035 torus
1270 950 1356 1058 ejus
1374 969 1510 1035 motus
1538 953 1602 1035 vel
1631 951 1780 1036 auferri
1806 953 1929 1063 possit
1947 958 2009 1040 vel

445 1081 645 1188 generari,
684 1106 768 1193 quo
793 1099 980 1188 tempore
1012 1074 1156 1181 globus
1184 1093 1360 1185 quatuor
1389 1078 1525 1160 tertias
1556 1096 1690 1189 partes
1719 1077 1909 1163 diametri
1932 1078 2006 1164 suae

443 1202 653 1301 describit,
680 1227 724 1286 ut
741 1201 911 1287 densrtas
939 1197 1065 1283 medii
1085 1199 1134 1282 ad
1150 1196 1388 1284 densitatem
1408 1201 1530 1310 globi.

500 1331 625 1412 Corol.
645 1359 682 1412 2.
710 1326 948 1412 Refistentia
972 1323 1097 1434 globi,
1126 1328 1283 1408 caeteris
1306 1325 1482 1435 paribus,
1501 1325 1559 1413 est
1573 1327 1615 1411 iu
1634 1326 1837 1439 duplicata
1855 1330 2007 1414 ratione

444 1455 684 1538 velocitatis.
1333 1465 1337 1474 ·

503 1579 627 1662 Corol.
655 1606 689 1675 3.
716 1574 955 1663 Refissentia
975 1569 1097 1682 globi,
1124 1574 1280 1658 caeteris
1298 1574 1474 1685 paribus,
1493 1573 1550 1660 est
1570 1575 1613 1660 in
1632 1573 1835 1686 duplicata
1857 1578 2009 1663 ratione
2146 1643 2147 1650 a

447 1701 651 1786 diametri.
2146 1703 2147 1706 ‘

503 1829 629 1914 Coral.
649 1860 684 1932 4
714 1821 952 1911 Refistentia
980 1821 1105 1930 globi,
1134 1825 1292 1907 caeteris
1310 1823 1484 1934 paribus,
1511 1823 1568 1906 est
1590 1845 1635 1908 ut
1657 1823 1828 1908 densitas
1848 1827 1983 1910 medii.

492 1955 627 2039 Curat.
646 1981 680 2055 5.
718 1946 956 2038 Resistentia
982 1942 1093 2052 globi
1117 1946 1174 2030 est
1202 1949 1423 2032 iuratione
1450 1973 1543 2060 quae
1568 1949 1834 2058 componitur
1861 1975 1915 2034 ex
1940 1949 2009 2034 du·

444 2079 595 2188 plicata
620 2079 777 2162 rarione
810 2067 1105 2161 velocitatis&
1139 2071 1342 2184 duplicata
1373 2075 1531 2158 ratione
1562 2072 1751 2157 diametri
1782 2070 1826 2154 &
1857 2076 2008 2159 ratione

441 2201 649 2288 denfitatis
677 2199 815 2285 medii.

505 2327 631 2410 Coras.
656 2331 691 2406 6.
728 2320 782 2406 Et
821 2339 956 2407 motus
984 2316 1095 2426 globi
1128 2341 1224 2401 cum
1253 2316 1336 2424 ejus
1363 2317 1579 2405 resistentia
1605 2317 1658 2402 fic
1690 2323 1843 2430 exponi
1870 2319 2007 2433 potesl.

443 2448 509 2531 Sit
534 2447 617 2530 AB
636 2468 796 2555 tempus
823 2469 909 2556 quo
935 2440 1077 2550 globus
1107 2465 1180 2548 per
1206 2441 1465 2528 resistentiam
1491 2442 1599 2526 suam
1625 2440 1886 2528 uniformiter
1914 2469 2007 2526 con·

448 2574 645 2658 tinuatam
679 2588 813 2652 totum
844 2565 959 2650 suum
987 2581 1147 2646 motum
1174 2563 1362 2647 amittere
1390 2565 1533 2675 potest.
1590 2564 1659 2647 Ad
1687 2563 1776 2649 AB
1803 2567 2005 2674 erigantur

443 2695 740 2814 perpendicula
765 2693 880 2791 Aa),
904 2689 997 2776 BC.
1054 2687 1195 2801 Sitque
1225 2688 1312 2774 BC
1334 2712 1470 2776 motus
1492 2690 1559 2773 ille
1587 2709 1712 2788 totus,
1749 2687 1883 2800 &per
1906 2715 2007 2800 pun·

444 2823 561 2918 sium
582 2822 619 2906 C
631 2819 867 2928 asymptotis
893 2815 1009 2908 AD,
1040 2812 1123 2894 AB
1150 2813 1400 2901 describatur
1421 2814 1642 2930 hyperbola
1666 2815 1748 2898 CF.
1807 2813 2008 2900 Produca

444 2969 517 3032 'tur
534 2943 616 3030 AB
629 2942 680 3024 ad
704 2937 900 3051 punsium
920 2937 1095 3050 quodvis
1116 2935 1167 3018 E.
1224 2937 1416 3050 Erigatur
1454 3012 1495 3072 D,

448 3067 788 3185 perpendiculum
804 3063 889 3146 EF
896 3062 1130 3172 hyperbolae
1143 3067 1415 3152 occurrensin

448 3199 498 3281 F.
524 3193 792 3304 Compleatur
813 3188 1230 3298 parallelogrammum
1244 3187 1415 3286 CBEG,

449 3325 493 3408 de
528 3340 669 3430 agatur
697 3313 795 3398 AF
820 3313 892 3424 ipsi
926 3311 1014 3396 BC
1033 3335 1252 3395 occurrens
1288 3313 1330 3397 in
1359 3312 1414 3396 H.

447 3448 504 3535 Et
533 3446 561 3530 sr
594 3442 738 3551 globus
772 3460 960 3548 tempore
991 3437 1136 3548 quovis
1169 3438 1274 3536 BE,
1297 3460 1414 3522 motu

447 3575 519 3658 suo
542 3569 677 3678 primo
703 3563 789 3645 BC
807 3561 1066 3645 uniformiter
1091 3563 1342 3665 continuato,
1369 3565 1411 3648 in
1460 3625 1495 3684 Α

449 3695 591 3780 medio
631 3717 715 3773 non
763 3686 966 3770 resrssente
1007 3685 1208 3772 describat
1245 3689 1415 3799 spatium

450 3815 582 3907 CBE
593 3813 631 3894 G
671 3837 746 3922 per
782 3835 916 3892 aream
963 3811 1323 3918 parallelogrammi
1355 3815 1604 3925 expolitum,
1644 3818 1756 3902 idem
1791 3817 1833 3899 iu
1875 3813 2009 3898 medio

450 3940 653 4029 resistente
674 3932 875 4017 describet
902 3929 1073 4041 spatium
1098 3933 1259 4017 CBEF
1273 3964 1347 4048 per
1365 3965 1499 4022 aream
1519 3940 1754 4050 hyperbolae
1774 3938 2012 4048 expostum,

451 4067 495 4152 &
519 4067 660 4148 'motus
688 4055 772 4166 ejus
791 4059 830 4140 in
852 4057 932 4140 fine
953 4059 1150 4168 temporis
1167 4061 1271 4146 illius
1298 4082 1528 4172 exponetur
1553 4089 1626 4174 per
1653 4061 1887 4173 hyperbole
1907 4061 2011 4145 ordi·

450 4210 584 4276 natam
607 4183 701 4280 EF,
729 4179 861 4264 amissa
886 4199 1021 4265 motus
1046 4183 1129 4290 ejus
1156 4206 1272 4296 parte
1296 4187 1384 4268 ΡΘ.
1440 4181 1496 4269 Et
1521 4184 1736 4270 resistentia
1761 4185 1845 4294 ejus
1869 4185 1908 4268 io
1932 4185 2010 4268 fine

451 4313 648 4424 temporis
667 4308 842 4419 ejusdem
866 4329 1096 4418 exponetur
1120 4335 1193 4421 per
1218 4309 1517 4420 longitudinem
1547 4307 1645 4406 BH,
1679 4307 1811 4392 amissa
1839 4307 2014 4393 refisten·

450 4439 519 4526 tiae
544 4455 657 4546 parte
686 4434 781 4522 CH.
838 4431 985 4517 Patent
1004 4434 1092 4516 baec
1113 4435 1250 4519 omnia
1271 4460 1345 4545 per
1364 4437 1492 4518 corol.
1514 4462 1546 4516 1.
1565 4431 1607 4517 δι
1628 4463 1662 4533 3.
1699 4459 1815 4545 prop.
1832 4458 1871 4514 v.
1892 4431 2014 4518 lib.ll.

453 4603 459 4617 .
506 4558 630 4643 Co'rol.
652 4585 687 4657 7.
722 4555 838 4639 Hine
860 4554 890 4638 sr
915 4555 1059 4663 globus
1085 4577 1271 4667 tempore
1300 4557 1344 4640 T
1367 4585 1441 4670 per
1461 4556 1719 4642 resistentiam
1740 4556 1782 4640 R
1802 4555 2015 4641 uniformi·

451 4703 514 4770 ter
541 4681 819 4767 continuatam
841 4681 1000 4765 amittat
1025 4703 1185 4766 motum
1216 4683 1480 4766 suumtotum
1506 4681 1583 4765 M:
1612 4681 1724 4765 idem
1752 4681 1898 4787 globus
1917 4703 2015 4765 tem·

448 4833 549 4920 pore
569 4827 586 4887 t
605 4806 647 4889 in
672 4805 811 4889 medio
833 4801 1050 4901 resistente,
1081 4835 1154 4922 per
1182 4806 1439 4892 resrslentiam
1470 4805 1511 4892 R
1531 4807 1574 4890 in
1593 4805 1796 4919 duplicata
1822 4810 2011 4894 velocita-

451 4981 501 5069 tis
529 4982 687 5074 ratione
715 4976 1036 5084 decrescentem,
1056 4983 1215 5070 amittet
1237 5003 1373 5069 motus
1400 4980 1459 5066 sui
1479 4979 1530 5066 M
1552 5002 1710 5095 partem
1740 4911 1899 5080 Q,
1936 5009 2014 5067 ma·

1738 5049 1869 5156 Tusa
