4312 5652
464 217 558 314 168
728 215 1266 316 PHILOSOPHIAE
1301 211 1757 318 NATUnnLts

239 380 299 520 Ῑξξ
320 381 439 524 ξίοῡῑῦ
465 413 536 474 nes
554 387 861 474 ecceleratrices
887 387 1137 474 adinvicem
1162 408 1208 474 ut
1234 385 1432 474 distentio
1453 383 1586 474 dutiae
1614 389 1656 474 in
1675 414 1850 502 corporo
1874 393 2061 482 traben-

303 483 321 524 ι
363 479 431 526 ⁸¹¹⁸
466 515 534 610 tia,
564 512 608 598 dc
639 513 1036 624 expraecedentibus
1066 513 1185 598 facile
1211 512 1442 598 deducetur
1470 511 1585 626 quod
1614 537 1788 626 corporo
1818 517 1965 602 omnio
2000 543 2058 604 or·

457 643 647 752 qualibus
678 644 930 752 temporibus
955 639 1175 752 periodicis
1209 639 1364 750 ellipses
1397 639 1536 734 varias,
1572 639 1682 722 circa
1708 641 1893 726 omnium
1927 669 2056 728 com·

461 791 587 854 mune
617 767 823 879 gravitatis
841 787 1031 852 centrum
1051 766 1105 865 B,
1130 767 1174 852 iu
1191 768 1312 880 plano
1330 763 1532 852 immobili
1557 761 1804 850 describunt.
1859 765 1916 882 Q
1935 765 2053 856 E.I.

551 1089 1021 1190 PROPOSITIO
1056 1087 1215 1190 LXV.
1300 1087 1742 1186 THEOREMA
1784 1087 1956 1190 XXV.

461 1269 658 1408 Corpora
681 1269 841 1404 plura,
892 1305 1078 1404 quorum
1111 1267 1230 1367 vires
1260 1265 1508 1388 decrescunt
1535 1265 1584 1368 in
1606 1265 1835 1408 duplicata
1867 1269 2048 1372 ratione

532 1421 841 1556 distantiarum
867 1419 926 1519 ab
958 1419 1193 1521 eorundem
1225 1419 1400 1543 centris,
1439 1419 1607 1519 moueri
1621 1419 1746 1560 pff?
1773 1419 1898 1520 inter
1919 1429 1979 1545 se
2000 1425 2044 1523 in
2124 1469 2125 1488 Ν

533 1575 779 1718 ellipstbus3
825 1573 886 1680 Εἴ
925 1575 1062 1672 radiis
1101 1573 1169 1672 ad
1194 1571 1414 1674 umbilicos
1451 1569 1591 1672 dusiis
1622 1609 1750 1674 oreas
1797 1573 2042 1699 describere

532 1729 796 1866 temporibus
807 1726 1161 1868 proportionales
1184 1725 1561 1866 quamproxime.

512 2007 558 2094 In
577 2003 854 2120 propositione
872 2001 1081 2117 superiore
1113 2003 1411 2092 demonstratus
1433 1999 1492 2090 est
1518 1999 1630 2089 casus
1650 2004 1722 2090 ubi
1745 2025 1885 2092 motus
1902 2013 2035 2122 plures
2125 2096 2126 2110 Ν

458 2155 710 2250 peraguntur
734 2135 777 2219 in
801 2132 1004 2246 ellipfibus
1036 2153 1237 2219 accurate.
1292 2135 1395 2246 Quo
1421 2131 1548 2242 magis
1570 2131 1728 2216 recedit
1756 2131 1825 2218 lex
1845 2136 2033 2226 viriumr
2125 2133 2126 2136 ‘

459 2261 551 2372 lege
577 2261 635 2346 ibi
663 2259 802 2372 posita,
830 2285 883 2344 eo
905 2260 1032 2368 magis
1058 2284 1235 2372 corporo
1256 2256 1550 2372 perturbabunt
1572 2277 1737 2342 mutuos
1768 2279 1938 2362 morum
1969 2291 2030 2350 ue·
2125 2285 2126 2288 ‘

455 2413 541 2500 que
559 2389 649 2472 fieri
675 2387 823 2498 potest,
850 2407 897 2470 ut
916 2411 1108 2498 corpora,
1135 2386 1359 2474 secuudum
1381 2385 1515 2496 legem
1542 2383 1609 2468 hic
1634 2384 1804 2497 positam
1831 2384 1873 2472 se
1891 2411 2030 2478 mutuo
2125 2459 2126 2470 .

455 2513 669 2608 trahentia,
712 2531 953 2598 moveantur
982 2513 1027 2598 in
1057 2512 1260 2624 ellipsrbus
1292 2531 1496 2610 accurate,
1535 2507 1608 2596 nist
1647 2511 1847 2597 servando
1880 2537 2029 2606 certam

455 2643 771 2757 proportionem
800 2641 1076 2726 distantiarum
1104 2637 1373 2729 abinvicem.
1425 2637 1471 2724 ln
1496 2623 1766 2750 sequentibus
1781 2662 1918 2730 autem
1941 2645 2028 2732 cali·

453 2769 529 2860 bus
547 2798 633 2858 non
646 2771 822 2856 multum
841 2768 890 2854 ab
907 2767 1105 2878 ettipfibus
1125 2767 1339 2853 errabitur.

511 2896 606 3000 Caſs
622 2920 656 2975 1.
696 2891 811 2977 Pone
841 2915 1017 3001 corpora
1046 2890 1161 3000 plura
1198 2891 1358 2976 minoto
1388 2889 1498 2974 circu
1529 2888 1755 2974 maximum
1782 2891 1949 3006 aliquod
1981 2895 2028 2982 od

453 3019 582 3106 varias
606 3017 658 3100 ab
677 3041 730 3099 eo
750 3013 953 3101 distantias
974 3015 1146 3114 revolvi,
1177 3015 1431 3130 tenduntque
1459 3016 1512 3101 ad
1535 3015 1685 3128 singulo
1707 3014 1812 3100 vires
1836 3019 2028 3106 absolute

451 3140 782 3259 proportionales
808 3139 953 3227 iisdem
982 3138 1237 3251 corporibus.
1290 3137 1347 3226 Et
1374 3141 1570 3254 quoniam
1595 3141 1780 3226 omnium
1804 3165 2030 3234 commune

452 3272 663 3385 gravitatis
684 3287 874 3356 centrum
903 3272 997 3380 (pet
1016 3265 1156 3378 legum
1174 3267 1304 3354 corol.
1322 3271 1534 3383 quartum)
1565 3269 1631 3352 vel
1658 3262 1827 3380 quiescit
1845 3267 1917 3352 vel
1941 3293 2027 3358 mo-

448 3422 570 3490 vetur
587 3402 850 3490 uniformiter
868 3396 911 3482 in
941 3396 1162 3494 directum,
1186 3395 1385 3504 fingemus
1415 3417 1591 3504 corpora
1616 3393 1775 3478 minora
1801 3411 1884 3478 tam
1911 3419 2024 3507 prm

453 3523 548 3624 esse,
575 3545 621 3611 ut
636 3529 785 3634 corpus
805 3525 1029 3608 maximum
1055 3550 1265 3636 nunquam
1286 3521 1407 3608 dillet
1433 3520 1667 3607 sensibiliter
1687 3519 1736 3604 ab
1755 3518 1838 3604 boc
1857 3543 2023 3618 centro:

449 3644 496 3728 dc
521 3649 745 3732 maximum
766 3645 866 3730 illud
897 3647 960 3726 vel
993 3647 1187 3756 quiescet,
1223 3648 1290 3731 vel
1318 3645 1552 3732 movebitur
1580 3643 1843 3731 uniformiter
1861 3647 1906 3732 in
1926 3647 2022 3734 dire·

448 3775 578 3871 dum,
607 3773 688 3860 fine
710 3799 850 3859 errore
868 3770 1064 3864 sensibilis
1095 3773 1253 3857 minora
1275 3793 1415 3860 autem
1433 3774 1699 3860 revolventur
1719 3773 1829 3858 circa
1844 3773 1928 3858 boc
1946 3797 2024 3858 mr·

448 3900 608 3986 ximum
631 3901 676 3986 in
713 3897 928 4013 ellipssbus‚
967 3916 1092 4012 atque
1122 3898 1245 3984 radiis
1266 3899 1316 3984 ad
1345 3901 1458 3985 idem
1488 3901 1620 3985 dusiis
1653 3898 1885 3984 describent
1919 3925 2022 3990 areos

446 4028 703 4141 temporibus
736 4028 1094 4138 proportionales;
1137 4025 1210 4110 nisr
1242 4043 1440 4140 quotenus
1471 4051 1632 4112 errores
1664 4025 1932 4120 inducuntur,
1965 4037 2023 4121 vel

445 4181 519 4266 per
538 4179 721 4240 errorem
747 4153 914 4238 maximi
943 4151 1197 4236 acommuni
1223 4150 1294 4235 illo
1323 4151 1527 4260 gravitatis
1553 4167 1715 4248 centro,
1741 4150 1807 4232 vel
1833 4173 1909 4259 per
1931 4147 2021 4234 affi-

444 4305 546 4367 ones
578 4279 786 4364 minorum
820 4299 1043 4386 corporum
1078 4276 1120 4360 in
1152 4275 1193 4360 se
1219 4294 1380 4361 mutuo.
1447 4275 1638 4362 Diminui
1680 4295 1817 4360 autem
1857 4267 2023 4385 poliunt

443 4427 620 4512 corpora
639 4403 810 4498 minora,
839 4401 965 4515 usque
993 4400 1128 4488 donec
1145 4425 1262 4486 error
1288 4401 1374 4500 isle,
1402 4401 1446 4486 dc
1470 4401 1649 4488 ustiones
1667 4420 1823 4488 mutuae
1849 4397 1927 4484 lint
1954 4399 2025 4484 da·

445 4525 497 4608 tis
515 4523 721 4638 quibusvis
752 4526 959 4622 minores;
989 4545 1111 4637 atque
1129 4523 1227 4609 ideo
1255 4525 1392 4612 donec
1424 4527 1543 4612 orbes
1575 4551 1671 4611 cum
1699 4523 1901 4636 ellipsibus
1926 4551 2023 4638 qur·

442 4651 581 4752 dicut,
623 4652 667 4736 dc
694 4679 797 4737 oreae
831 4651 1102 4764 respondeant
1131 4652 1397 4764 temporibus,
1437 4654 1520 4742 fine
1555 4675 1713 4748 errore.
1755 4649 1826 4763 qui
1860 4649 2021 4738 nonsit

439 4781 575 4868 minor
593 4781 740 4896 quovis
761 4777 870 4866 dato.
930 4776 1118 4898 ΜΟ.

1932 5023 2025 5130 Cast
