4344 5648
425 205 1474 332 nuiuciiiiiiinutiuiiiitic‘n.
1646 265 1743 362 319

172 391 280 482 tibus
311 393 404 504 (per
429 395 567 504 legum
591 397 851 485 corollarium
881 397 1126 508 seeundum)
1161 399 1413 514 eompofitae,
1447 401 1591 488 similes
1625 402 1747 490 liabe-
1763 485 1778 544 s
1805 407 1931 470 Lim
1969 433 1974 456 ··

169 519 273 604 bunt
294 519 667 620 determinationes,
696 523 870 632 perinde
895 551 943 614 ac
972 525 999 608 si
1022 545 1161 617 centra
1190 527 1297 612 inter
1329 529 1541 640 particulas
1568 528 1748 618 fitniliter
1788 505 1977 550 ⁰⁰⁰⁰⁰⁰⁰

170 642 240 726 sita
263 643 538 754 respiceretur
570 643 614 730 dc
641 664 761 734 etum
787 646 891 732 vires
912 647 991 735 iltae
1017 669 1116 735 totae
1137 648 1187 735 nd
1211 650 1388 734 invicem
1414 671 1460 739 ut
1486 651 1591 736 vines
1618 651 1748 764 singu-

167 771 217 854 1ae
241 790 554 880 componentes,
582 773 662 856 hoc
686 771 757 868 ell,
785 789 830 856 ut
853 772 1263 882 correspondentiutn
1287 777 1573 884 particularum
1594 777 1749 866 dianie-

167 897 221 980 tri
240 897 412 988 inverse,
443 895 485 981 ἃ
513 897 708 1009 quadrata
743 895 1006 986 velocitatutn
1036 897 1213 990 diseno:
1244 897 1287 985 δι
1313 921 1529 1008 propterea
1558 898 1742 992 efficient

163 1045 211 1106 ut
250 1022 618 1134 correspondentes
661 1023 870 1134 particule
907 1025 1053 1134 ligures
1092 1023 1235 1112 similes
1279 1025 1514 1114 describere
1552 1050 1735 1138 pergant.

162 1145 274 1236 Haee
295 1150 350 1232 itt
372 1148 413 1232 se
431 1149 638 1236 habebunt
654 1149 745 1258 (per
763 1149 891 1237 cotol.
915 1175 947 1232 i.
967 1147 1050 1235 &8
1070 1174 1266 1260 proprii.
1286 1148 1354 1236 lib.
1378 1153 1429 1254 i.)
1451 1151 1478 1234 si
1497 1151 1627 1238 niodo
1646 1179 1743 1240 cen-

164 1295 227 1356 tra
246 1271 311 1356 illa
329 1271 546 1384 quiescunt.
603 1271 674 1358 Sin
697 1291 951 1368 moueantur,
981 1272 1173 1380 quonism
1195 1272 1251 1356 ob
1279 1270 1586 1364 transsationum
1611 1273 1743 1362 simili·

163 1397 369 1494 tudinem,
397 1397 541 1484 similes
573 1415 739 1483 manent
773 1419 918 1482 eorum
947 1395 1040 1483 fitur
1067 1398 1173 1482 inter
1206 1397 1463 1509 systematum
1499 1399 1742 1508 particulari

160 1522 307 1608 similes
334 1521 584 1608 inducentur
615 1521 862 1608 mutationes
890 1533 930 1610 in
958 1523 1096 1632 liguris
1124 1548 1222 1634 quus
1257 1523 1465 1631 particulae
1494 1521 1743 1612 describunt.

160 1648 318 1734 Similes
338 1649 463 1758 igitur
485 1669 604 1734 erunt
627 1647 1038 1758 correspondentibus
1060 1649 1103 1735 ἃ
1130 1647 1318 1736 similium
1335 1649 1631 1760 particulorum
1650 1665 1739 1735 tuo

160 1793 226 1854 riis
251 1773 376 1883 usqne
407 1773 458 1866 ad
491 1772 684 1858 occursus
714 1771 805 1861 suos
832 1771 1000 1883 primns,
1036 1770 1082 1855 δι
1115 1789 1334 1880 propterea
1363 1769 1506 1864 uoles
1532 1769 1748 1872 occursus,

160 1897 204 1980 dc
224 1899 366 1984 similes
386 1897 648 1993 reflexiones,
673 1898 717 1981 dr
742 1897 912 1984 subinde
935 1899 1028 2007 (per
1043 1897 1125 2004 jam
1151 1893 1324 2006 ollensa)
1352 1894 1495 1983 smiles
1522 1913 1662 1988 motus
1678 1895 1746 1985 itt·-

158 2044 221 2108 ter
242 2025 284 2109 se
302 2024 438 2110 donec
457 2026 611 2108 iterum
641 2021 745 2107 inse
771 2047 918 2108 tnutuo
943 2022 1177 2118 inciderint,
1215 2019 1257 2106 ἃ
1283 2021 1335 2104 sic
1370 2020 1567 2131 deinceps¹
1589 2021 1630 2109 iti
1650 2020 1743 2116 iub,

154 2151 301 2234 nitunt
359 2151 411 2266 Q.
433 2151 484 2234 E.
505 2153 568 2235 D.
1200 2159 1204 2164 ’
1298 2249 1303 2259 ,
1710 2195 1744 2242 .·

212 2277 338 2362 Coros.
361 2303 395 2358 r.
421 2273 538 2360 Hinc
560 2275 587 2359 si
606 2299 780 2387 corpora
799 2273 887 2358 dno
911 2273 1079 2386 qttaeuis,
1104 2295 1197 2383 quan
1221 2270 1457 2360 similetur
1478 2270 1520 2359 ἃ
1545 2272 1594 2364 td
1617 2271 1745 2384 spise-z

154 2421 315 2484 matum
339 2401 556 2511 patientins
582 2397 946 2538 corresdeentes
969 2393 1150 2482 uiriliter
1179 2394 1262 2489 sita,
1290 2395 1396 2483 inter
1412 2395 1513 2504 'tpfur
1539 2400 1746 2520 tettiporl'·r

153 2523 230 2608 bus
256 2523 630 2635 proportionalibus
652 2521 833 2607 similiter
856 2520 1016 2606 moveri
1040 2518 1250 2634 incipiant,
1277 2517 1434 2630 sititque
1456 2539 1602 2614 eorum
1623 2541 1742 2632 meg«

152 2651 361 2736 nitudines
392 2677 439 2734 sc
477 2651 695 2736 densitates
723 2649 774 2734 ad
806 2648 985 2734 invicem
1025 2666 1072 2730 ut
1104 2643 1404 2754 magnitudines
1435 2671 1482 2730 ac
1518 2645 1738 2737 densitates

152 2775 566 2900 correspondentiuni
596 2773 906 2884 particularum:
953 2769 1042 2858 liaec
1074 2785 1246 2879 pergent
1279 2767 1530 2880 temporibus
1561 2760 1739 2882 proposi

152 2901 370 2986 tionslibus
387 2899 573 2985 similiter
593 2901 767 2985 moveri.
819 2893 891 2984 Est
910 2895 1024 2984 enim
1040 2895 1185 2986 eodeni
1206 2893 1310 2984 tutio
1330 2895 1509 3005 portium
1529 2895 1740 3005 malorum,

151 3026 375 3137 syllomiiris
391 3023 744 3138 utnusqnczatqiie
764 3021 1065 3134 prrnmuruni.
1393 3039 1396 3046 ’
1461 3039 1464 3048 ’
1641 3039 1646 3046 ’
1717 3119 1723 3137 ,

210 3155 335 3237 Corol.
355 3183 392 3235 2.
421 3149 478 3236 Et
502 3153 529 3235 si
548 3151 692 3236 similes
712 3147 755 3232 dt
776 3146 956 3231 similiter
982 3143 1123 3256 positae
1149 3143 1408 3256 systematum
1435 3161 1569 3250 partes
1588 3165 1736 3239 omnes

149 3277 359 3391 quiescant
378 3278 567 3362 intense:
597 3276 640 3358 dc
672 3297 812 3368 etrum
831 3273 939 3368 duae,
967 3292 1059 3380 quae
1080 3270 1239 3354 caeteris
1259 3289 1430 3372 majores
1456 3264 1549 3360 sirit,
1586 3268 1630 3355 ἃ
1655 3271 1730 3364 fibi

150 3423 301 3486 rnutuo
321 3403 562 3512 iiiutroque
585 3399 794 3510 systemate
822 3392 1182 3503 correspondeant,
1214 3390 1440 3476 secundum
1468 3391 1593 3479 linens
1625 3393 1730 3490 fimi.

148 3528 350 3619 litersitas
369 3527 486 3610 siniili
515 3549 611 3609 curn
644 3543 763 3608 motu
797 3535 1008 3634 utcimque
1038 3516 1197 3605 moveri
1225 3515 1444 3628 incipient:
1489 3516 1552 3600 hae
1583 3515 1734 3614 similes

148 3661 194 3744 iri
218 3650 384 3767 ¹reliquis
410 3651 669 3763 systematum
694 3647 873 3762 partibus
903 3643 1143 3732 excitabunt
1172 3662 1323 3742 motus,
1353 3639 1397 3728 δι
1417 3661 1594 3750 pergent
1621 3645 1733 3738 insen

148 3786 251 3896 ipsus
272 3780 524 3894 temporibus
551 3777 921 3892 proportionalibus
947 3771 1127 3860 similiter
1152 3768 1341 3865 moveris
1372 3786 1496 3880 utque
1520 3767 1621 3858 ideo
1644 3770 1731 3881 spo

151 3914 207 3995 tit
233 3909 441 3994 dianiensis
463 3905 540 3991 suis
566 3903 888 4018 proportionalia
915 3897 1158 3985 describere.

182 4161 653 4267 propositio
693 4083 909 4258 iixxiii.
999 4089 1434 4252 Trinouniin
1479 4090 1729 4249 xxuii'

152 4351 307 4474 lisdem
321 4345 489 4486 postris,
527 4345 620 4445 dien
650 4342 1064 4479 qundspstematum
1080 4361 1237 4478 partes
1260 4337 1448 4464 majores
1472 4325 1723 4462 reststuntur

219 4489 266 4590 r'rr
289 4489 457 4592 ratione
491 4483 722 4626 compoſsta
753 4521 807 4582 ex
842 4479 1068 4616 duplicata
1100 4473 1277 4574 ratione
1308 4467 1587 4573 velocitatrrrir
1609 4475 1723 4616 siin·

220 4663 319 4726 rum
341 4625 403 4730 ὅ
425 4625 655 4764 &plicata
687 4621 857 4722 ratione
880 4617 1198 4721 diametrorum
1221 4609 1283 4718 Εἴ
1306 4609 1477 4710 ratione
1501 4602 1723 4738 denfitatis

209 4766 417 4904 partium
431 4765 730 4901 systematum.
854 4795 856 4802 ·
1371 4809 1375 4816 ¹
1486 4813 1490 4826 ·
1531 4809 1535 4816 ·

202 4949 310 5037 Nam
343 4943 561 5035 resilientis
588 4947 722 5036 oritur
748 4942 896 5056 partim
921 4967 974 5028 ex
992 4937 1146 5027 viribus
1172 4907 1410 5042 centripet'is
1434 4923 1500 5011 vel
1527 4918 1705 5059 centrisn

209 5075 215 5090 .
1663 5064 1726 5153 gls
1785 5126 1788 5136 Ι
