4352 5646
27 300 33 419 ἰ
470 309 563 436 398
729 291 1751 398 ·PH1LOSOPH1AE·NATURAL1·S

24 454 31 534 i
255 476 302 538 ΒΕ
320 482 435 542 Murvt
466 476 520 560 dc.
544 485 620 586 11.)
649 473 705 558 est
724 476 789 558 illa
815 473 897 584 ipsa
917 473 976 554 vis
1001 498 1129 585 quam
1157 498 1230 554 nos
1249 471 1486 578 gravitatem
1518 466 1656 548 dicere
1681 463 1865 546 solemus.
1920 465 2034 546 Nam

250 559 433 622 summ
462 603 490 684 st
519 602 690 712 gravitas
717 601 765 682 ab
793 629 839 684 ea
877 599 1032 682 diversa
1062 595 1172 695 esset,
1209 623 1384 710 corpora
1415 593 1565 676 viribus
1593 589 1770 702 utrisque
1803 587 2033 696 conjunctis

464 749 613 812 terram
635 725 816 840 petendo
837 727 965 836 duplo
992 725 1171 807 velocius
1195 722 1501 813 descenderent,
1519 718 1562 802 δι
1587 720 1715 830 spatio
1743 718 1889 798 minuti
1909 721 2034 802 unius

461 855 627 938 secundi
658 853 842 936 cadendo
866 848 1289 960 describerentpedes
1314 843 1545 929 Parisienses
1569 857 1665 943 302³:
1695 845 1865 926 omniuo
1885 867 2034 928 contra

461 979 772 1090 experientiam.

516 1103 706 1188 Calculus
726 1104 792 1186 hic
823 1100 1016 1187 fundatur
1049 1101 1090 1186 in
1118 1095 1473 1210 hypothesr·quod
1502 1113 1608 1176 terra
1638 1093 1819 1208 quiescit.
1874 1095 1982 1180 Nam
1996 1099 2031 1181 'si

464 1229 631 1312 terra&
663 1231 759 1312 suna
787 1253 1028 1313 moveantur
1057 1229 1213 1310 circum
1247 1225 1385 1318 solem,
1423 1221 1465 1303 &
1496 1223 1650 1302 interea
1676 1247 1843 1332 quoque
1873 1223 2029 1309 circum

461 1382 682 1443 commune
715 1359 919 1463 gravitatis
952 1377 1140 1438 centrum
1169 1353 1455 1436 revolvantur:
1491 1368 1680 1429 manente
1713 1349 1802 1455 lege
1826 1351 2030 1454 gravitatis

465 1481 648 1568 distantia
676 1503 913 1566 centrorum
944 1485 1049 1566 lunae
1073 1507 1119 1563 ac
1150 1499 1269 1561 terrae
1294 1475 1545 1559 abinvicem
1572 1472 1649 1554 erit
1682 1477 1756 1560 dol-
1779 1475 2032 1560 semidiame-

465 1629 621 1693 trorum
661 1609 909 1692 terrestrium
947 1611 1141 1701 cimitata
1183 1605 1244 1687 uti
1279 1602 1631 1714 computationem
1670 1600 1827 1686 ineunti
1863 1605 2030 1714 patebit.

387 1847 390 1853 .
464 1735 735 1848 Computat'io
768 1758 905 1822 autem
938 1735 1031 1822 iniri
1048 1733 1189 1848 potest
1206 1757 1279 1842 per
1300 1757 1417 1843 prop.
1438 1753 1502 1812 ux.
1526 1727 1657 1810 'lib.t.

1123 1955 1362 2057 ‘Scholium

512 2121 823 2232 'Demonstratio
858 2120 1144 2234 propositionis
1181 2117 1234 2202 src
1259 2117 1389 2202 sosius
1426 2115 1617 2226 explicari
1650 2115 1797 2228 potest.
1853 2117 1895 2202 Si
1921 2121 2028 2206 lunae

462 2249 596 2355 plures
632 2249 788 2332 circum
835 2269 983 2330 terram
1028 2245 1349 2338 revolverentur,
1390 2241 1561 2352 perinde
1593 2261 1637 2324 ut
1665 2241 1711 2326 fit
1754 2243 1797 2324 in
1819 2241 2029 2350 ‘systemate

461 2371 612 2458 saturni
632 2373 694 2453 vel
717 2371 819 2478 jovis
843 2399 853 2454 ε
884 2371 1025 2454 harum
1048 2392 1232 2478 tempora
1264 2365 1474 2476 periodica
1495 2365 1589 2476 (per
1609 2389 1897 2474 argumentum
1915 2370 2030 2455 indu·

465 2491 627 2606 dionis)
654 2497 912 2580 observarent
935 2499 1066 2603 legem
1094 2496 1381 2606 planetaruma
1402 2491 1574 2602 Keplero
1593 2488 1804 2584 detesiam,
1834 2490 1878 2572 δι
1902 2521 2033 2608 prop.

464 2637 574 2702 terea
603 2621 742 2703 harum
773 2620 877 2702 vires
908 2620 1144 2726 centripetae
1178 2616 1313 2700 forent
1344 2613 1557 2726 reciproce
1582 2635 1627 2696 ut
1657 2613 1845 2726 quadrata
1877 2615 2035 2702 distan-

461 2743 649 2825 tiaruma
681 2763 825 2825 centro
852 2764 985 2835 terrae,
1015 2768 1098 2852 -per
1128 2766 1246 2852 prop.
1274 2767 1307 2820 1.
1344 2738 1472 2847 hujus.
1553 2735 1607 2821 Et
1645 2739 1673 2820 st
1716 2737 1855 2820 earum
1892 2739 2031 2826 infima

461 2862 559 2947 esset
605 2891 740 2972 parva,
785 2863 1030 2947 &vertices
1071 2861 1351 2947 altissimorum
1393 2863 1596 2948 montium
1638 2886 1770 2972 prope
1820 2885 2030 2972 tangeret:

460 2985 577 3093 hujus
608 2986 666 3068 vis
698 2987 927 3096 centripeta
967 3013 1046 3098 qua
1091 2988 1335 3070 retineretur
1376 2987 1419 3070 in
1459 2985 1573 3082 orbe,
1614 2986 1832 3093 gravitates
1883 3015 2030 3100 corpo·

461 3137 553 3196 rum
579 3112 619 3193 in
651 3109 869 3192 verticibus
889 3111 1050 3194 illorum
1079 3111 1284 3193 montium
1306 3109 1400 3222 (per
1422 3110 1775 3224 computationem
1798 3113 2030 3220 praeceden-

363 3259 386 3290 ‘
461 3241 565 3345 tem)
590 3255 767 3348 aequaret
789 3236 1119 3346 quamproxime,
1147 3231 1416 3346 efficeretque
1447 3257 1492 3318 ut
1521 3235 1662 3320 eadem
1688 3237 1840 3330 lunula,
1867 3235 2028 3322 fimotu

461 3364 575 3448 omni
607 3388 692 3473 quo
725 3360 860 3472 pergit
891 3361 933 3444 in
974 3360 1074 3444 orbe
1103 3361 1175 3444 suo
1213 3363 1455 3471 privaretur,
1493 3361 1656 3444 deseciu
1697 3362 1757 3443 vis
1793 3360 2028 3469 centrisugae

391 3574 394 3580 ,
458 3489 592 3602 quain
615 3487 716 3568 orbe
740 3483 1025 3596 permanserat,
1054 3485 1323 3584 descenderet
1349 3487 1391 3569 in
1413 3505 1580 3582 terram,
1608 3485 1735 3598 idque
1762 3487 1910 3571 eadem
1936 3513 2028 3572 cum

458 3613 676 3696 velocitate
701 3634 781 3718 qua
814 3611 949 3716 gravia
977 3608 1131 3692 cadunt
1154 3611 1197 3694 in
1221 3611 1384 3695 illorum
1411 3610 1615 3694 montium
1641 3610 1874 3707 verticibus,
1900 3635 2030 3723 prop·

459 3755 523 3818 ter
544 3734 815 3844 equalitatem
833 3732 979 3816 virium
1001 3733 1146 3842 quibus
1176 3733 1442 3820 descendunt.
1501 3732 1556 3819 Et
1576 3735 1603 3820 st
1629 3736 1688 3818 vis
1713 3737 1773 3819 ilsa
1791 3762 1867 3845 qua
1886 3737 2029 3822 sunusa

458 3865 523 3948 ssta
555 3859 689 3944 infima
721 3855 945 3953 descendit,
975 3857 1127 3939 diversa
1158 3855 1254 3942 esset
1283 3889 1306 3943 a
1333 3861 1543 3970 gravitate,
1581 3861 1623 3945 δε
1651 3861 1778 3946 lunula
1802 3859 1868 3942 illa
1898 3863 2029 3948 etiam

456 3987 586 4104 gravis
619 3983 715 4068 esset
735 3983 778 4066 in
807 4003 955 4067 terram
986 4009 1102 4066 more
1131 4011 1355 4094 corporum
1383 3989 1425 4072 in
1454 3988 1675 4072 verticibus
1704 3986 1934 4070 montium:
1965 4015 2028 4072 ea·

456 4117 552 4196 dem
595 4107 729 4192 lunula
778 4105 819 4187 vi
869 4126 1041 4219 utraque
1086 4105 1300 4214 conjunsta
1349 4109 1476 4221 duplo
1521 4111 1703 4196 velocius
1748 4109 2026 4226 descenderet.

347 4313 350 4318 .
455 4237 593 4342 Quare
613 4255 708 4314 cum
738 4229 842 4310 vires
868 4248 1068 4340 utrmque,
1098 4230 1139 4312 ἃ
1163 4230 1226 4312 hae
1250 4257 1475 4343 corporum
1505 4236 1703 4342 gravium,
1731 4231 1778 4316 δι
1810 4232 1886 4314 ilsae
1912 4233 2026 4315 suna-

455 4381 560 4449 rum,
594 4375 780 4436 centrum
812 4370 931 4435 terrae
962 4353 1189 4464 respiciant,
1219 4354 1263 4438 δι
1292 4356 1365 4439 srnt
1393 4358 1499 4442 inter
1523 4359 1563 4442 se
1595 4359 1738 4442 similes
1770 4354 1817 4439 δε
1838 4355 2028 4466 aequaleS,

457 4479 614 4562 eaedem
639 4482 729 4586 (per
748 4499 833 4582 reg.
853 4505 887 4559 1.
912 4476 1248 4584 &11.)eandem
1274 4481 1478 4565 habebunt
1494 4483 1666 4566 causam.
1723 4477 1781 4564 Et
1807 4501 2026 4592 propterea

454 4606 513 4688 vis
532 4603 609 4696 illa,
632 4603 829 4710 qua'suna·
842 4603 1041 4688 retinetur
1068 4606 1109 4686 in
1131 4605 1231 4688 orbe
1251 4603 1336 4703 suo,
1365 4633 1411 4690 ea
1434 4607 1515 4718 ipsa
1544 4610 1622 4692 erit
1647 4631 1772 4720 quam
1793 4633 1870 4691 nos
1895 4604 2027 4714 gravi·
2151 4687 2152 4706 ,

454 4749 579 4812 tatem
607 4724 747 4807 dicere
777 4723 977 4811 solemus:
1020 4728 1146 4840 idque
1173 4731 1348 4814 maxime
1377 4758 1429 4816 ne
1453 4735 1588 4818 lunula
1615 4735 1658 4816 in
1687 4733 1847 4816 vertice
1876 4737 2028 4816 montis
2151 4707 2152 4780 ἶ

451 4855 516 4936 vel
536 4851 732 4960 gravitate
753 4874 899 4953 careat,
927 4857 991 4943 ves
1023 4855 1150 4968 duplo
1178 4857 1357 4944 velocius
1386 4861 1506 4946 cadat
1532 4885 1654 4972 quam
1689 4883 1868 4971 corpora
1888 4855 2028 4967 gravia

452 4975 578 5062 solent
599 4976 758 5062 cadere.

1780 5102 2029 5198 anoro-
