4336 5656
471 315 583 413 144
740 253 1821 380 ruunosonurersnrunnrrs‚

252 461 308 526 θ’
328 461 445 525 Μοτῦ
479 457 636 552 dotum,
662 449 720 542 est
740 471 787 540 ut
806 449 990 537 distantia
1018 443 1117 568 CQ
1169 439 1293 530 Vires
1319 437 1458 548 igitur,
1490 430 1638 548 quibus
1661 449 1845 566 corpora
1885 421 1951 509 in
1987 419 2105 565 pians

272 547 301 627 ‘⁰
302 563 428 611 ⁰⁰⁰⁰⁰⁰
433 565 456 609 '¹
480 585 617 706 PQR
633 579 829 669 versantia
847 579 1060 666 trabuntur
1085 573 1221 660 versus
1239 567 1434 683 pundum
1455 562 1501 660 C,
1528 559 1619 644 sunt
1637 581 1714 670 pro
1727 575 1924 639 rotrone
1953 550 2105 634 dusar-

470 710 628 798 tiorum
654 705 827 822 aequeles
852 703 1004 791 viribus
1025 697 1173 816 quibus
1200 719 1376 809 corpora
1399 685 1664 800 undiquaque
1682 679 1939 766 trabuntur
1968 675 2104 818 versu

477 855 668 922 centrum
685 835 718 919 S
731 871 744 934 ς
781 831 825 918 dc
857 848 1076 947 propterea
1103 850 1279 938 corpora
1312 819 1587 906 movebuntur
1613 807 1757 898 iisdem
1785 803 2139 916 temporibus

321 961 323 966 ’
471 959 522 1048 in
538 960 685 1050 iifflem
702 959 856 1074 figuris,
885 959 929 1046 in
944 951 1069 1072 plano
1094 953 1241 1068 quovis
1266 945 1417 1066 PQR
1440 944 1550 1033 circa
1576 933 1774 1056 punflum
1794 931 1844 1034 G
1882 950 2049 1044 atque
2070 928 2101 1009 ³³
2136 1059 2137 1078 Ν

481 3007 617 3122 spatiis
646 2997 784 3090 tiberis
811 2997 921 3085 circa
947 3009 1139 3085 centrum
1163 2989 1198 3077 S
1210 3025 1223 3091 ς
1250 2987 1434 3106 ideoque
1462 2985 1556 3102 (per
1580 2983 1709 3072 coros
1739 3013 1778 3076 2.
1813 3013 1935 3107 prop.
1954 2995 1998 3082 ι’
2024 2987 2054 3076 d

483 3132 614 3220 coros.
633 3157 671 3215 2.
697 3146 818 3240 prop.
839 3125 1059 3232 xxxvrrr.)
1087 3114 1345 3234 temporibus
1372 3115 1532 3228 semper
1558 3113 1791 3228 equalibus,
1818 3120 1883 3204 vel
1915 3115 2053 3206 deseri

481 3257 585 3344 bent
613 3249 768 3365 ellipses
787 3247 832 3334 in
856 3245 979 3361 plano
1008 3246 1081 3332 illo
1108 3243 1220 3330 circo
1247 3261 1438 3329 centrum
1465 3237 1513 3340 C,
1551 3237 1617 3324 vel
1646 3239 1835 3350 periodos
1858 3239 2054 3328 movendi

482 3385 597 3472 ultro
624 3382 817 3492 citroque
838 3375 885 3462 in
908 3371 1024 3462 lineis
1055 3370 1175 3464 redis
1204 3393 1280 3488 per
1305 3384 1498 3460 centrum
1532 3363 1637 3455 Cin
1660 3365 1783 3480 plano
1811 3365 1886 3454 isso
1918 3361 2052 3464 duffio

481 3505 760 3620 complebunt.
811 3499 873 3618 Q
889 3496 944 3588 E.
957 3495 1023 3587 D.

1153 3716 1391 3824 scholium.
1470 3741 1487 3777 Χ

540 3897 625 3990 His
649 3895 792 3988 affines
820 3897 914 3986 sunt
940 3895 1123 3987 ascensus
1147 3891 1196 3986 oc
1216 3901 1430 3992 descensus
1447 3923 1672 4016 corporum
1698 3900 1743 3988 in
1772 3899 2047 4015 superficiebus

424 4102 427 4110 .
480 4032 636 4120 curvis.
690 4027 880 4144 Concipe
912 4026 1035 4114 lineas
1058 4047 1201 4114 curvos
1226 4029 1270 4116 in
1299 4032 1419 4144 plano
1445 4028 1634 4130 describi,
1662 4028 1760 4118 dein
1784 4030 1949 4118 circum
1975 4049 2049 4118 aru
2137 4051 2139 4088 t

480 4157 651 4272 quosvis
670 4155 788 4244 datos
807 4181 881 4270 per
901 4177 1090 4245 centrum
1117 4157 1267 4244 virium
1288 4157 1535 4245 transeuntes
1560 4157 1731 4254 revolvi,
1761 4155 1807 4242 δι
1831 4185 1878 4244 en
1900 4160 2050 4246 revolu-
2126 4256 2134 4297 ,

485 4285 602 4373 tione
628 4281 860 4397 superficies
888 4309 1033 4372 curvas
1062 4283 1325 4383 describere;
1354 4306 1443 4371 tum
1467 4309 1644 4398 corpora
1661 4284 1718 4369 ita
1737 4287 1899 4372 moveri
1929 4307 2051 4372 uteo

484 4432 580 4494 runt
606 4429 746 4495 centra
773 4408 817 4494 in
846 4409 908 4494 his
941 4408 1228 4520 superficiebus
1258 4433 1463 4524 perpetuo
1489 4412 1755 4524 reperiantur.
1811 4409 1855 4498 Si
1881 4432 2052 4527 corporo

484 4531 552 4618 illa
570 4531 735 4646 oblique
751 4531 1011 4620 ascendendo
1033 4533 1078 4618 dr
1095 4535 1356 4622 descendend
1378 4556 1569 4622 ocurrant
1588 4539 1698 4624 ultro
1719 4539 1942 4653 citroques
1974 4563 2051 4651 per·

480 4677 828 4769 egentureorum
848 4679 985 4750 motus
1010 4663 1053 4750 in
1081 4661 1207 4776 planis
1232 4688 1307 4775 per
1331 4689 1452 4748 axem
1472 4661 1781 4760 transeuntibus,
1818 4686 1944 4778 atque
1963 4667 2051 4752 ideo

483 4783 530 4870 in
558 4783 674 4870 lineis
701 4787 851 4886 curvis,
887 4813 1061 4902 quarum
1087 4789 1343 4876 revolutione
1369 4813 1506 4875 curvae
1541 4789 1620 4876 issae
1651 4791 1881 4902 superficies
1907 4797 2053 4904 genite

482 4906 588 5120 gudnt.
644 4905 727 4999 istis
753 4911 878 5026 igitur
906 4913 951 5002 in
975 4913 1126 5004 casibus
1146 4909 1297 5004 sufficit
1326 4935 1487 5005 motum
1508 4917 1553 5006 iu
1573 4917 1635 5006 his
1658 4917 1774 5006 lineis
1802 4917 1940 5005 curvis
1961 4945 2055 5006 con·

544 5061 670 5125 erare.

1740 5101 1744 5104 ’
1812 5165 2055 5257 nnono
2138 5165 2139 5248 a
