4336 5656
417 268 819 366 PRINCIPIA
868 266 1462 369 MATHEMATICA.
1628 287 1718 382 1'07

140 445 498 538 irreducibilibus.
553 445 704 532 Namst
735 449 926 558 aequatio,
955 473 1167 562 perquam
1195 477 1319 535 curva
1344 449 1550 546 desinitur,
1585 448 1634 530 ad
1663 447 1723 532 in·
1781 457 1904 516 Lm·

141 572 359 658 seriorem
390 569 630 682 potestatem
668 569 811 653 reduci
847 569 992 682 poffit:
1032 600 1156 658 curva
1185 602 1267 658 non
1296 576 1372 658 erit
1401 575 1532 670 unica,
1572 570 1641 654 sed
1672 595 1726 658 ex
1759 535 1925 602 mm*

17 805 18 815 ,
144 697 319 782 duabus
350 699 414 780 vel
444 696 624 806 pluribus
654 697 891 805 composita,
926 723 1098 809 quarum
1124 701 1424 784 interletliones
1452 723 1524 809 per
1552 698 1727 780 calculos

145 821 343 906 diversos
374 819 535 904 seorsim
564 821 738 904 inveniri
759 819 930 928 possunt.
987 822 1056 904 Ad
1083 824 1258 908 eundem
1285 823 1456 907 modum
1483 819 1728 906 intersedio·

143 973 234 1032 nes
262 949 367 1032 binae
398 943 599 1030 testarum
629 945 672 1028 dc
708 946 931 1029 sectionum
966 949 1200 1032 conicatum
1235 951 1439 1058 prodeunt
1468 949 1623 1057 semper
1652 970 1726 1057 per

146 1073 413 1184 aequationes
446 1070 619 1154 duarum
653 1067 980 1168 dimensionum,
1028 1091 1155 1155 ternae
1192 1073 1391 1155 retiatum
1428 1069 1471 1153 &
1509 1095 1726 1154 curvarum

148 1195 489 1281 irreducibilium
520 1195 651 1278 tertiae
677 1193 880 1303 potestatis
905 1219 977 1303 per
1006 1198 1251 1306 aequationes
1273 1199 1411 1291 trium,
1438 1216 1647 1306 quaternae
1663 1218 1726 1274 re·

17 1313 18 1366 ³
150 1318 322 1404 &tatum
349 1318 392 1402 dt
413 1344 628 1403 curvatum
647 1316 967 1400 irreducibilium
986 1339 1140 1431 quartae
1166 1323 1370 1431 potestatis
1388 1347 1460 1432 per
1480 1320 1727 1429 aequationes

17 1443 20 1494 ²
153 1443 462 1529 dimensionum
483 1462 672 1554 quatuor,
692 1439 735 1522 dc
756 1439 808 1524 fic
827 1443 868 1526 in
895 1443 1108 1527 infinitum.
1164 1443 1277 1554 Ergo
1293 1447 1413 1529 reslae
1437 1442 1479 1526 dc
1506 1443 1730 1554 spiralisin·

17 1575 19 1620 l
156 1568 426 1652 tersedliones
446 1591 618 1650 numero
637 1565 819 1661 infinitae,
850 1592 945 1649 cum
966 1593 1087 1650 curva
1108 1569 1194 1652 haec
1215 1569 1260 1652 stt
1281 1569 1443 1678 simplex
1467 1563 1510 1647 &
1532 1568 1728 1650 incurvas

16 1799 17 1808 Ν
154 1698 301 1806 plures
326 1695 612 1789 irreducibilis,
648 1692 859 1804 requirunt
887 1697 1132 1805 aequationes
1162 1721 1334 1780 numero
1365 1694 1662 1780 dimensionum
1682 1691 1727 1774 dc

16 1829 17 1834 '
157 1819 352 1904 radicum
378 1817 566 1914 infinitas,
603 1817 748 1928 quibus
776 1813 1074 1904 intersediones
1101 1845 1246 1906 omnes
1276 1818 1435 1929 possunt
1468 1818 1581 1902 srmul
1612 1817 1727 1901 exbi-

157 1945 268 2032 beri.
324 1943 394 2029 Est
412 1946 520 2027 enim
540 1942 682 2028 eadem
697 1947 880 2030 omnium
900 1944 1154 2030 lex&idem
1175 1949 1360 2031 calculus.
1415 1945 1726 2055 Namfiapolo

159 2074 210 2156 in
233 2067 385 2157 tedam
403 2072 511 2154 illam
535 2070 736 2154 secantem
762 2070 999 2158 demittatur
1018 2074 1365 2184 perpendiculum,
1393 2072 1437 2156 dc
1458 2072 1728 2186 perpendicu-

161 2200 256 2283 lum
286 2195 384 2280 illud
415 2221 494 2277 una
518 2219 614 2278 cum
639 2193 798 2277 secante
831 2196 1060 2279 revolvatur
1092 2200 1200 2281 circa
1241 2201 1394 2308 polum,
1428 2193 1728 2282 intersesliones

163 2323 319 2436 spiralis
335 2319 553 2406 transibunt
573 2318 615 2402 in
638 2319 678 2402 se
699 2338 859 2416 mutuo,
885 2344 1058 2432 quaeque
1080 2322 1208 2431 prima
1227 2345 1310 2406 erat
1331 2321 1399 2406 seu
1418 2322 1615 2433 proxima,
1641 2317 1731 2429 poll

162 2471 293 2534 unam
316 2444 615 2530 revolutionem
647 2441 821 2526 secunda
849 2445 940 2540 erit,
966 2443 1055 2554 post
1080 2445 1177 2528 duas
1202 2447 1332 2543 tertia,
1361 2445 1405 2528 &
1433 2445 1485 2530 fic
1506 2445 1726 2554 deinceps:

163 2595 248 2656 nec
268 2573 422 2656 interea
445 2565 664 2651 mutabitur
683 2567 859 2678 aequatio
887 2566 957 2650 nist
985 2593 1060 2677 pro
1090 2589 1242 2654 mutata
1262 2569 1538 2680 magnitudine
1569 2567 1731 2682 quanti·

165 2717 302 2780 tatum
334 2721 407 2806 per
432 2720 530 2806 quas
562 2693 709 2802 positio
736 2693 903 2778 secantis
934 2694 1238 2778 determinatur.
1293 2696 1415 2780 Unde
1444 2722 1538 2780 cum
1570 2691 1729 2807 quanti·

167 2839 277 2904 tates
300 2821 379 2904 illae
410 2819 499 2929 post
534 2817 703 2926 singulas
738 2817 1013 2902 revolutiones
1038 2817 1210 2902 redeunt
1243 2820 1293 2904 ad
1323 2818 1620 2930 magnitudines
1647 2815 1730 2928 pri·
1821 2847 1831 2858 ’

170 2971 273 3042 mas,
311 2943 489 3056 aequatio
517 2940 668 3026 redibit
690 2941 740 3026 ad
774 2941 946 3026 sormam
974 2941 1158 3053 primam,
1191 2943 1369 3057 ideoque
1398 2973 1476 3031 una
1505 2942 1731 3054 eademque

170 3068 384 3153 exhibebit
402 3063 700 3151 intersefliones
721 3091 875 3162 omnes,
903 3065 946 3148 &
963 3083 1178 3176 propterea
1197 3067 1351 3152 radices
1370 3068 1533 3153 babebit
1555 3091 1730 3153 numero

169 3189 360 3288 infinitas,
399 3193 544 3303 quibus
570 3216 713 3276 omnes
751 3192 934 3277 exhiberi
963 3189 1133 3300 possunt.
1190 3193 1341 3305 Nequit
1371 3217 1473 3301 ergo
1500 3190 1730 3278 intersedio

172 3315 295 3400 reslae
314 3317 357 3398 dc
381 3313 529 3424 spinalis
559 3339 632 3424 per
665 3323 936 3423 aequationem
954 3315 1107 3398 finitam
1126 3315 1364 3422 generaliter
1386 3316 1572 3412 inveniri,
1599 3313 1642 3396 δι
1670 3314 1732 3397 id·

174 3445 291 3527 circo
320 3443 427 3527 nulla
456 3449 567 3522 extat
594 3439 717 3519 uvalis
749 3437 859 3546 cujus
886 3466 989 3533 area,
1025 3437 1142 3521 redis
1167 3438 1370 3548 imperatis
1404 3437 1576 3538 abscissa,
1610 3437 1734 3551 poffit

173 3597 248 3685 per
267 3570 389 3653 talem
406 3565 677 3676 aquationem
695 3565 934 3670 generaliter
948 3564 1141 3648 exbiberi.

229 3691 389 3778 Eodem
411 3683 665 3800 argumento,
696 3691 724 3774 li
751 3689 1002 3774 intervallum
1022 3692 1105 3803 poli
1134 3691 1177 3775 ἃ
1205 3692 1356 3804 ρυῃᾶἰ,
1384 3715 1469 3802 quo
1488 3688 1635 3801 spiralis
1660 3689 1730 3776 de·

173 3821 375 3918 scribitur,
412 3817 591 3927 capiatur
622 3814 757 3899 Ovalis
785 3813 1007 3922 perimetro
1030 3814 1201 3901 abscissae
1229 3818 1544 3927 proportionale,
1570 3815 1732 3926 probari

174 3944 307 4057 potest
323 3941 436 4054 quod
456 3940 672 4047 longitudo
691 3939 899 4050 perimetri
924 3943 1064 4053 nequit
1091 3967 1164 4052 per
1191 3941 1345 4025 finitam
1366 3939 1635 4051 aequationem
1663 3965 1730 4048 ge·

175 4070 364 4156 neraliter
390 4063 581 4150 exhiberi.
639 4062 706 4147 De
728 4061 907 4146 ovalibus
934 4086 1069 4148 autem
1097 4066 1162 4148 bic
1181 4068 1328 4178 loquor
1349 4090 1443 4176 quae
1466 4091 1549 4150 non
1563 4081 1733 4172 tangun-

176 4215 244 4280 tur
273 4188 451 4301 afiguris
476 4188 699 4296 conjugatis
719 4187 761 4270 in
779 4184 982 4269 inlinitum
1007 4190 1279 4300 pergentibus.

817 4417 1088 4502 corollarium.

233 4565 349 4654 Hinc
365 4593 455 4652 area
478 4562 673 4674 ellipseos,
701 4561 929 4674 quaeuradio
953 4555 1005 4646 ab
1023 4561 1218 4649 umbilico
1236 4560 1287 4645 ad
1308 4585 1456 4672 corpus
1481 4563 1634 4648 mobile
1658 4564 1733 4647 du·

180 4697 245 4781 sio
263 4695 511 4790 describitur,
539 4717 622 4780 non
649 4688 788 4806 prodit
816 4715 867 4772 ex
893 4687 990 4773 dato
1019 4708 1220 4800 tempore,
1247 4713 1321 4812 per
1347 4690 1616 4800 aequationem
1648 4691 1735 4772 fini·

180 4845 293 4920 tam;
321 4820 363 4904 dc
381 4842 595 4930 propterea
617 4843 691 4928 per
713 4811 1029 4924 descriptionem
1052 4841 1266 4899 curvarum
1287 4819 1539 4924 geometrice
1563 4817 1736 4900 rationa·
1762 4827 1766 4835 ’

180 4951 278 5048 lium
299 4945 559 5033 determinari
577 4943 731 5056 nequit.
785 4936 1210 5146 Curvaslgeometrice
1234 4941 1446 5026 rationales
1465 4943 1623 5058 appello
1642 4967 1736 5052 qua·

1013 5092 1037 5143 2
1643 5089 1735 5148 rum
1867 5084 1876 5106 ⁶
