4352 5646
7 536 26 616 g.

426 225 830 328 uninomia
876 203 1477 327 Mauuuiin‘rica
1633 230 1729 360 369

169 403 385 496 tradiones
403 402 717 490 &dilatationes
743 402 920 514 partium
937 404 1197 514 analogarum
1217 423 1338 492 erunt
1355 422 1401 488 ut
1432 402 1559 490 iidem
1578 424 1727 491 motus
1786 411 1917 472 Lim

166 535 372 616 Accurata
402 527 573 642 quidem
602 553 688 614 non
715 526 774 612 est
800 529 890 612 haec
918 529 1147 639 proportio
1221 527 1504 614 Veruntamen
1530 527 1604 614 nisi
1633 557 1732 616 con

168 656 383 742 tradiones
402 653 721 739 &dilatationes
745 652 821 738 lint
847 652 983 738 valde
979 652 1172 751 inrenlae,
1201 679 1285 738 non
1313 654 1462 741 errabit
1488 654 1737 749 sensibiliter,

22 789 24 798 ‘
166 777 347 891 ideoque
366 801 443 887 pro
461 776 624 889 physice
650 793 837 860 accurata
860 774 1001 859 haberi
1028 774 1171 886 potest.
1227 773 1331 861 Sunt
1359 795 1496 862 autern
1527 777 1634 866 vires
1656 781 1734 864 ela.

166 901 276 985 ssicae
304 899 500 984 motiices
529 920 575 984 ut
601 897 901 986 contradiones
927 895 971 982 &
997 898 1281 996 dilatationes;
1311 898 1355 982 δι
1383 899 1619 986 velocitates
1646 926 1735 1012 par·

167 1026 273 1111 tium
310 1024 524 1136 aequalium
550 1021 665 1108 finiul
697 1024 848 1134 genitae
881 1021 972 1108 lunt
1013 1043 1059 1108 ut
1088 1023 1205 1108 vires.
1263 1022 1449 1137 ideoque
1482 1027 1654 1138 aequales
1690 1025 1735 1108 de

167 1149 536 1262 correspondentes
561 1149 749 1263 pulsuum
779 1147 1194 1260 correspondentium
1232 1167 1366 1260 partes
1393 1151 1472 1233 irus
1498 1147 1543 1232 δι
1578 1150 1734 1237 reditus

167 1273 260 1359 snos
278 1297 353 1383 per
372 1271 495 1383 spatia
513 1270 862 1358 contradionibus
895 1268 939 1354 δι
957 1270 1260 1356 dilatationibus
1277 1271 1612 1382 proportionalia,
1639 1298 1737 1358 cum

167 1398 450 1485 velocitatibus
467 1421 561 1509 quae
589 1395 683 1482 lunt
707 1417 755 1481 ut
777 1397 915 1508 spatia,
943 1394 1059 1481 limnl
1083 1416 1303 1507 peragent:
1341 1395 1385 1480 dc
1410 1418 1628 1510 propterea
1648 1399 1737 1508 pul-

167 1524 244 1622 sus,
270 1523 343 1635 qui
363 1542 551 1632 tempore
572 1521 653 1606 itus
675 1519 719 1605 δι
742 1521 898 1606 reditus
915 1519 1034 1605 unius
1051 1520 1311 1606 latitudinem
1332 1520 1441 1607 suam
1470 1521 1738 1632 progredien-

169 1649 228 1731 do
253 1643 490 1740 conficiunt,
526 1641 570 1726 δι
594 1642 639 1728 in
664 1645 756 1728 loca
782 1643 968 1754 pulsuum
1006 1643 1193 1758 proxime
1226 1643 1551 1756 precedentium
1575 1647 1734 1756 semper

168 1769 408 1865 succedunt,
434 1764 490 1852 ob
515 1767 788 1880 equalitatem
817 1766 1110 1866 distantiarum,
1149 1768 1292 1882 aequali
1317 1793 1415 1853 cum
1442 1767 1661 1854 velocitate
1691 1769 1736 1852 in

169 1890 312 1978 medio
330 1909 509 2001 utroque
527 1888 855 2001 progredientur.

226 2017 321 2121 Cast
342 2043 379 2096 2.
419 2011 491 2098 Sin
515 2014 703 2126 pulsuum
744 2012 942 2100 distantiae
971 2011 1041 2100 seu
1079 2014 1356 2126 longitudines
1391 2015 1466 2102 sint
1493 2012 1665 2123 majores
1691 2014 1736 2098 in

168 2165 256 2227 uno
273 2138 414 2224 medio
434 2162 559 2249 quani
584 2137 813 2236 inalteroa
842 2163 1041 2250 ponamus
1067 2139 1180 2251 quod
1210 2162 1343 2251 partes
1371 2140 1739 2252 correspondentes

171 2264 296 2376 spatia
314 2260 593 2346 latitudinibus
613 2260 800 2370 pulsuum
825 2262 1145 2372 proportionalia
1164 2261 1323 2372 singulis
1345 2264 1503 2348 vicibus
1531 2261 1671 2352 eundo
1692 2262 1736 2346 dc

173 2384 390 2472 redeundo
409 2382 665 2470 describant:
696 2381 740 2468 nc
763 2385 936 2496 aequales
960 2400 1081 2469 erunt
1110 2408 1251 2470 earum
1284 2383 1583 2475 contradiones
1607 2385 1651 2469 dc
1678 2381 1742 2472 di·

172 2510 396 2597 latationes.
450 2504 633 2620 ideoque
659 2504 689 2590 si
714 2505 851 2592 media
869 2504 944 2592 sint
970 2507 1242 2616 homogenea,
1270 2511 1441 2622 aequales
1468 2527 1590 2596 erunt
1615 2510 1741 2594 etiam

172 2636 279 2721 vires
300 2633 379 2719 illoe
405 2629 575 2716 elasticae
595 2631 789 2716 motrices
819 2631 967 2748 quibus
989 2631 1207 2744 reciproco
1226 2654 1354 2717 motu
1380 2635 1594 2744 agitantur.
1647 2631 1742 2718 Ma·

174 2757 277 2840 teria
306 2773 442 2838 autem
466 2753 528 2837 his
547 2751 700 2837 viribus
723 2750 928 2838 movenda
957 2750 1015 2837 est
1040 2773 1087 2837 ut
1113 2751 1300 2864 pulsuum
1320 2753 1520 2852 latitudo;
1549 2753 1625 2839 de
1614 2781 1657 2841 iii
1677 2782 1741 2841 ea·

175 2878 274 2962 dem
296 2875 452 2960 ratione
478 2873 535 2958 ell
566 2872 738 2987 spatium
767 2899 841 2986 per
865 2877 979 2989 quod
1004 2877 1164 3018 fingulis
1190 2877 1347 2962 vicibus
1375 2877 1515 2964 eundo
1544 2879 1588 2964 dc
1621 2880 1742 2966 rede·

174 3001 291 3089 undo
311 3024 469 3085 moveri
457 2998 652 3085 debent.
709 2995 862 3112 Ellque
889 3019 1051 3112 tenipus
1065 3001 1144 3086 itus
1164 3000 1207 3084 de
1236 3001 1392 3088 reditus
1419 3003 1536 3088 unius
1555 3005 1597 3088 iri
1617 3005 1742 3092 ratio-

176 3155 228 3216 ne
248 3125 472 3238 composita
497 3151 551 3210 ex
576 3125 734 3211 ratione
763 3124 1043 3236 subduplicata
1071 3127 1252 3212 materiae
1279 3125 1322 3208 δι
1355 3129 1512 3210 ratione
1539 3126 1744 3241 subdupli

1744 491 1788 554 Sa
1797 490 1968 554 ειυιιιιιιι

176 3276 266 3338 cata
295 3253 423 3363 spatii,
450 3271 573 3360 atquc
608 3250 706 3333 ideo
731 3270 778 3333 ut
801 3251 985 3359 spatium.
1041 3249 1181 3334 Pullus
1216 3271 1353 3334 autem
1385 3255 1676 3364 temporibus'
1665 3279 1745 3342 itus
1865 3247 1868 3252 ¹

177 3376 222 3460 δι
252 3377 408 3461 reditus
434 3373 551 3455 unius
577 3369 716 3455 eundo
744 3370 976 3458 latitudines
1005 3370 1090 3456 suas
1127 3373 1367 3469 conficiunt,
1405 3376 1485 3458 hoc
1517 3377 1587 3476 est,
1623 3378 1745 3490 spatia

177 3499 432 3612 temporibus
457 3491 776 3608 proportionalia
803 3495 1076 3607 percurrunt;
1117 3494 1160 3580 ὅτ
1188 3520 1408 3614 propterea
1445 3501 1535 3585 sunt
1566 3505 1746 3614 aequive·

177 3625 301 3710 loces.

235 3749 329 3856 Cas
349 3775 384 3846 3.
419 3741 465 3830 In
494 3742 640 3829 mediis
672 3743 798 3854 igitur
834 3745 1030 3834 densitate
1065 3743 1108 3832 δι
1136 3746 1178 3831 vi
1206 3745 1362 3834 elallica
1396 3751 1571 3862 paribus,
1613 3751 1746 3862 pulsus

180 3897 322 3956 omnes
347 3871 438 3955 lunt
457 3868 739 4006 aequiveloces.
797 3868 926 4008 Quod
952 3871 980 3956 fi
999 3869 1126 3956 medii
1147 3874 1211 3959 vel
1230 3871 1402 3958 densitas
1422 3875 1487 3959 vel
1506 3877 1563 3958 vis
1591 3875 1746 3960 elallica

180 3991 434 4087 intendatur,
460 3991 654 4101 quoniam
681 3991 741 4073 vis
765 3993 920 4076 motiix
943 3993 1172 4080 iuratione
1199 3995 1258 4080 vis
1286 3995 1472 4095 elallicae,
1508 3995 1550 4079 δι
1574 4002 1747 4086 materia

180 4113 458 4202 movendam
489 4113 647 4196 ratione
678 4110 882 4198 densitatis
912 4137 1114 4224 augetur,
1150 4137 1325 4230 tempus,
1343 4146 1428 4231 quo
1458 4142 1593 4204 motus
1619 4121 1748 4210 iidem

178 4258 424 4352 peragantur
443 4261 490 4319 ac
511 4235 636 4345 prius,
664 4227 914 4344 augebitur
903 4264 946 4321 ιιι
966 4234 1243 4381 subduplicata
1272 4243 1431 4328 ratione
1456 4243 1677 4344 denfitaris,
1700 4274 1748 4332 ac

177 4360 461 4450 diminuetur
451 4386 493 4444 in
514 4357 791 4472 subdupliuata
812 4363 970 4448 ratione
998 4364 1058 4450 vis
1078 4367 1257 4451 clasticae.
1310 4365 1367 4454 Et
1396 4389 1612 4479 propterea
1637 4373 1748 4457 velo·

178 4489 282 4571 citas
308 4485 493 4600 pulsuum
510 4485 589 4574 etit
608 4485 650 4568 in
679 4486 837 4571 ratione
855 4513 1008 4600 compo
1014 4489 1078 4573 lita
1098 4517 1150 4576 ex
1170 4491 1327 4576 ratione
1351 4492 1626 4606 subduplicata
1650 4497 1780 4581 deri-'

184 4606 308 4811 ΐιιιιὲι
328 4607 467 4814 genii
500 4605 657 4696 inverse
693 4605 736 4691 &
771 4611 930 4697 ratione
963 4611 1240 4728 subduplicata
1278 4615 1337 4699 vis
1372 4613 1542 4702 elali'icae
1585 4617 1751 4704 diretle

184 4733 392 4944 QHaec
363 4853 591 4964 propositio
610 4853 777 4944 ulterius
792 4819 947 4972 patebit
968 4886 1021 4944 ex
1045 4762 1347 4969 conllrutlione
1370 4862 1584 4978 sequentis.
1678 4871 1681 4879 '

879 4993 1004 5084 Bbb
1178 5099 1181 5105 .
1506 4997 1750 5091 PROPO·
1830 5093 1834 5098 ,
