4338 5656
484 273 585 364 472
748 239 1276 336 P'HILOSOPHIAE
1323 237 1776 338 NATURALIS

275 411 328 549 {³⁸
345 411 461 520 uuam
542 410 648 494 Nam
676 425 821 494 centro
847 409 894 491 K
918 408 1122 492 diametro
1151 405 1229 490 IL
1263 407 1513 494 describatur
1546 410 1820 494 semicirculus
1842 385 1936 492 IN
1945 408 2056 497 LK.

302 507 464 552 mansa
488 536 632 622 Dividi
657 537 903 643 intelligatur
927 533 1357 619 semicircumfetentia
1377 533 1454 620 IN
1457 533 1497 616 L
1519 533 1562 616 in
1589 555 1722 644 partes
1746 535 1978 618 innumeras
2006 563 2057 616 ae·

482 664 640 775 quales,
667 657 710 742 uz
735 687 757 744 a
783 656 963 770 partibus
986 656 1146 766 singulis
1167 655 1222 737 N
1237 657 1288 742 ad
1309 656 1554 745 diametrum
1577 657 1642 738 IL
1659 659 1925 742 demittantur
1950 657 2057 740 linus

487 787 542 871 N
546 786 610 871 M.
666 779 723 868 Et
754 783 908 868 summa
934 781 1226 892 quadratorum
1261 807 1312 864 ex
1343 777 1490 870 finibus
1521 779 1710 864 omnibus
1745 780 1801 863 N
1805 781 1864 860 M
1891 781 2054 890 aequalis

480 913 567 996 erit
591 909 758 996 summae
777 908 1069 1020 quadratorum
1092 933 1147 990 ex
1167 904 1312 989 finibus
1337 903 1384 993 K
1390 904 1454 998 M,
1486 903 1529 987 δε
1548 903 1702 988 summa
1726 929 1900 1014 utraque
1919 931 2050 1014 aequa·

483 1035 533 1118 lis
553 1037 630 1120 erit
650 1035 816 1118 summa
834 1030 1124 1144 quadratorum
1146 1055 1200 1112 ex
1220 1028 1397 1112 totidem
1415 1026 1724 1111 semidiametris
1738 1025 1848 1122 KN3
1869 1026 2050 1136 ideoque

483 1159 640 1244 summa
660 1157 953 1270 quadratorum
971 1179 1025 1237 ex
1042 1151 1230 1236 omnibus
1246 1149 1351 1234 NM
1364 1150 1440 1232 erit
1460 1150 1587 1260 duplo
1608 1150 1742 1236 minor
1760 1175 1885 1262 quam
1898 1149 2048 1234 lumma

479 1283 777 1396 quadratorum
795 1305 851 1366 ex
872 1275 1046 1362 totidem
1065 1272 1371 1362 semidiamettis
1396 1269 1506 1358 ΚΝ.

531 3153 623 3261 Jam
643 3153 848 3238 dividatur
871 3153 1090 3263 perimetet
1109 3152 1251 3238 circuli
1268 3149 1353 3234 ΑΕ
1370 3153 1412 3238 in
1431 3151 1646 3262 particulas
1665 3151 1841 3235 totidem
1856 3151 2040 3262 aquales,

475 3274 524 3358 ur
542 3277 591 3360 ab
612 3301 750 3360 catum
771 3301 1012 3388 unaquaque
1034 3275 1078 3360 F
1093 3275 1144 3360 ad
1162 3275 1324 3385 planum
1343 3275 1427 3392 Qu
1441 3274 1681 3359 demittatur
1703 3273 2041 3383 perpendiculum

362 3397 366 3406 '
479 3395 524 3477 F
528 3395 581 3493 G,
601 3415 646 3479 ut
670 3395 713 3481 δι
732 3425 754 3481 a
774 3395 926 3508 pundo
946 3399 992 3478 A
1007 3395 1345 3516 perpendiculum
1365 3395 1469 3479 AH.
1526 3393 1580 3479 Et
1605 3397 1678 3492 vis,
1697 3421 1778 3508 qua
1798 3392 1992 3504 particula
2006 3393 2049 3474 F

477 3521 680 3607 recedita
712 3524 833 3634 plano
855 3519 951 3640 Qu,
978 3524 1056 3605 erit
1075 3541 1122 3605 ut
1142 3519 1481 3632 perpendiculum
1509 3520 1610 3604 illud
1635 3521 1725 3602 FG
1755 3546 1830 3630 per
1849 3517 2044 3629 hypothe-

477 3645 549 3742 fin,
571 3641 621 3726 ἃ
642 3645 729 3727 haec
756 3645 815 3728 vis
839 3645 959 3727 dulia
981 3645 1025 3730 in
1045 3645 1267 3730 distantiam
1288 3644 1380 3727 CG·
1403 3643 1481 3726 erit
1493 3642 1685 3727 'efficacia
1705 3643 1915 3755 particulae
1934 3643 1978 3723 F
1993 3642 2045 3725 ad

475 3785 627 3848 terram
646 3765 803 3848 circum
822 3785 1011 3850 centrum
1038 3764 1121 3874 ejus
1138 3765 1473 3852 convertendam.
1531 3765 1716 3876 Ideoque
1746 3763 1922 3848 efficacia
1948 3789 2045 3870 par-

476 3885 613 3972 ticulae
636 3886 677 3970 in
704 3887 800 3969 loco
822 3887 872 3981 F,
900 3889 977 3971 erit
1001 3887 1052 3971 ad
1074 3884 1298 3971 efficaciam
1328 3887 1535 3998 particulae
1555 3887 1597 3970 in
1628 3889 1725 3970 loco
1743 3885 1798 3984 A,
1825 3905 1870 3967 ut
1897 3883 1985 3965 FG
2001 3911 2034 3974 >t

474 4011 566 4095 GC
588 4009 640 4095 ad
662 4007 910 4108 AHxHC,
935 4015 1018 4095 hoc
1038 4009 1107 4108 eli,
1135 4031 1180 4095 ut
1201 4011 1244 4093 F
1250 4013 1318 4124 Cq
1345 4010 1567 4126 adACq3
1598 4010 1642 4092 &
1669 4031 1887 4120 propterca
1906 4007 2043 4093 effica-

475 4135 538 4218 cia
557 4149 643 4216 tota
663 4135 949 4244 particularum
970 4135 1155 4219 omnium
1175 4135 1218 4220 in
1236 4137 1336 4219 locis
1355 4132 1433 4216 suis
1452 4133 1586 4218 Ferit
1604 4134 1655 4218 ad
1677 4132 1906 4218 efficaciam
1923 4135 2045 4242 parti·

464 4257 654 4342 cularum
681 4258 858 4342 totidem
888 4260 930 4343 in
953 4259 1049 4345 loco
1075 4261 1130 4357 A,
1159 4279 1204 4343 ut
1234 4258 1388 4342 summa
1417 4260 1601 4343 omnium
1628 4259 1745 4370 FCq
1772 4260 1824 4342 ad
1846 4259 2044 4341 summam

473 4379 668 4584 rotigeqn2
691 4383 739 4464 A
749 4383 787 4468 C
797 4407 846 4491 q,
885 4381 965 4465 hoc
996 4381 1055 4465 est
1088 4381 1191 4492 (per
1213 4379 1299 4494 jam
1316 4381 1606 4492 demonstrata)
1635 4401 1681 4466 ut
1708 4407 1832 4466 unum
1857 4379 1906 4463 ad
1934 4377 2046 4464 duo.

469 4499 795 4735 Qthudniam
813 4628 1022 4736 particulae
1040 4647 1164 4738 agunt
1183 4579 1422 4739 recedendo
1449 4629 1845 4740 perpendiculariter
1871 4656 1894 4713 a
1921 4629 2045 4740 plano

470 4743 572 4865 ΞΕ,
599 4749 724 4864 idque
745 4751 951 4862 acqualiter
978 4753 1028 4838 ab
1048 4775 1220 4868 utraque
1247 4775 1361 4868 parte
1386 4751 1503 4863 hujus
1528 4755 1659 4866 plani:
1689 4755 1851 4843 eaedem
1873 4779 2047 4840 conver·
2143 4837 2144 4880 Ν

1951 4893 2043 4960 rent
2143 4893 2144 4972 t
