4338 5656
439 246 545 372 484
706 259 1236 368 PHILOSOPHIAE
1282 265 1746 372 NATURALts

231 391 416 538 ,nffissss
498 416 621 504 Coros.
646 451 677 508 1.
706 423 928 537 splendent
949 429 1074 540 igitur
1094 450 1271 540 cometae
1290 435 1382 520 luce
1400 433 1490 519 solis
1507 461 1530 519 a
1549 433 1589 519 se
1607 435 1772 523 reflexa.

500 539 623 630 Coros.
654 578 691 635 2.
730 549 797 636 Ex
823 553 938 638 dietis
963 557 1086 640 etiam
1115 559 1354 669 intelligitur
1380 587 1453 644 cur
1479 581 1656 644 cometae
1683 581 1901 674 tantopere
1927 567 2014 656 stes

440 685 637 774 quentant
664 675 876 786 regionem
900 678 1002 764 solis.
1058 681 1100 765 Si
1125 705 1389 768 cerneremur
1420 684 1461 767 in
1494 685 1731 794 regionibus
1752 688 1873 798 longe
1901 694 2013 781 ultra

441 785 660 895 saturnum,
689 799 887 887 deberent
919 803 1058 916 saepius
1083 831 1277 916 apparere
1303 807 1343 891 in
1371 805 1551 918 partibus
1578 806 1652 891 soli
1683 810 1885 920 oppostris.
1922 811 2007 900 Fo-

443 939 535 1002 tent
568 923 677 1008 enim
699 943 817 1011 terrae
839 929 1068 1028 viciniores,
1102 932 1174 1042 qui
1206 932 1249 1014 in
1275 931 1334 1016 his
1360 931 1540 1042 partibus
1570 929 1847 1030 versarentur,
1872 935 1918 1020 dt
1949 938 2011 1024 sol

442 1037 701 1156 interposrtus
733 1052 965 1138 obscuraret
994 1076 1175 1138 caereros.
1229 1053 1389 1140 Verum
1419 1054 1701 1165 percurrendo
1723 1055 1905 1144 historias
1933 1088 2008 1148 co·
2143 1085 2144 1116 ³

441 1186 654 1268 metarum,
682 1175 814 1285 reperi
837 1177 950 1289 quod
975 1175 1206 1288 quadruplo
1233 1179 1297 1261 vel
1322 1179 1542 1290 quintuplo
1576 1180 1710 1288 plures
1740 1179 1893 1268 detefii
1915 1185 2010 1271 sunt

441 1287 484 1373 in
507 1293 789 1407 hemisphaerio
815 1299 940 1385 solem
970 1301 1117 1398 versus,
1145 1327 1268 1415 quam
1296 1302 1339 1387 in
1366 1301 1657 1412 hemispherio
1676 1305 1879 1414 opposito,
1907 1333 2009 1417 prae=

440 1431 504 1500 ter
523 1419 620 1504 alios
637 1422 910 1533 proculdubio
930 1451 1014 1511 non
1038 1451 1201 1536 paucos,
1220 1451 1323 1538 quos
1345 1427 1416 1510 lun
1438 1425 1575 1510 solaris
1594 1427 1766 1512 obtexit.
1793 1429 2006 1520 Nimirum

434 1539 476 1625 in
500 1542 692 1631 descensu
714 1550 766 1635 ad
793 1552 980 1662 regiones
1012 1549 1166 1636 nollras
1182 1577 1316 1663 neque
1334 1550 1481 1636 caudas
1499 1551 1723 1648 emittunt,
1741 1579 1880 1668 neque
1896 1557 2004 1641 adeo

430 1662 676 1756 illustrantur
696 1701 718 1757 a
742 1673 840 1774 sole,
876 1693 922 1759 ut
953 1675 1071 1761 nudis
1101 1677 1229 1760 oculis
1255 1674 1295 1759 se
1330 1675 1442 1786 prius
1474 1674 1736 1786 detegendos
1770 1676 2021 1786 exhibeant„

430 1815 555 1904 quam
588 1795 663 1882 stnt
701 1798 789 1909 ipso
822 1798 919 1907 jove
957 1801 1184 1911 propiores.
1257 1797 1384 1911 Spatii
1422 1819 1560 1884 autem
1595 1799 1754 1884 tantillo
1790 1799 2005 1888 intervallo

430 1918 540 2002 circa
562 1918 688 2006 solem
712 1923 905 2037 descripti
927 1951 1018 2038 pars
1040 1926 1162 2036 longe
1182 1923 1311 2033 major
1340 1923 1410 2008 stta
1441 1923 1500 2008 est
1528 1951 1551 2010 a
1577 1926 1702 2009 latete
1723 1944 1863 2022 tetrae,
1883 1931 1996 2040 quod

429 2040 557 2127 solem
583 2045 774 2159 respicit,
816 2049 941 2162 inque
973 2069 1089 2162 parte
1110 2049 1187 2134 illa*
1200 2047 1355 2158 majore
1377 2069 1569 2148 cometae,
1597 2048 1673 2134 soli
1700 2066 1747 2132 ut
1779 2049 1995 2162 plurimum

419 2164 662 2268 viciniores,
690 2172 813 2284 magis
830 2173 1048 2260 illuminari
1070 2173 1212 2259 solent.

485 2290 608 2380 Coros.
639 2321 674 2392 3·
709 2292 825 2381 Hinc
851 2297 975 2383 etiam
1006 2296 1260 2382 manifestum
1288 2295 1366 2392 esl,
1404 2296 1527 2412 quod·
1554 2297 1667 2380 coeli*
1685 2297 1910 2386 relisl'entia
1931 2302 2000 2389 de*

427 2411 659 2504 slituuutur.
712 2419 819 2507 Nam
851 2441 1026 2506 comete
1051 2423 1132 2506 vias
1151 2423 1335 2533 obliquas
1362 2419 1407 2504 dt
1436 2446 1738 2532 nonnunquam
1763 2425 1897 2510 crusui
1920 2427 2002 2538 pla-

407 2558 616 2626 ·uetarum
644 2545 870 2632 contrarias
895 2544 1044 2645 secuti,
1065 2563 1289 2630 moventur.
1306 2545 1563 2630 omnifariam
1589 2544 1810 2643 liberrime,
1835 2547 1882 2630 ἃ
1907 2573 1997 2634 tuo·

429 2681 494 2749 tus
518 2665 624 2762 suos,
673 2669 797 2754 etiam
828 2690 974 2756 contra
1004 2669 1163 2756 cursum
1196 2669 1450 2782 planetarum
1492 2667 1720 2754 diutissime.
1747 2671 1996 2757 conservant.

426 2785 561 2876 Fallor
580 2792 621 2875 ni
645 2815 772 2902 genus
799 2794 1050 2905 planetarum
1075 2794 1162 2890 fint,
1191 2790 1234 2876 &
1260 2811 1385 2878 motu
1407 2812 1613 2906 perpetuo
1639 2791 1999 2880 in.orbem·.retle.

426 2933 508 2998 ant.
552 2912 661 2998 Nam
684 2915 1039 3030 quodscriptores
1064 2916 1189 3028 aliqui
1215 2936 1400 3000 meteora
1420 2913 1500 2998 effe
1522 2917 1679 3012 volunt,
1704 2935 1995 3020 argumentum

425 3066 456 3123 a·
477 3043 658 3155 capitum
690 3044 899 3156 perpetuis
924 3041 1215 3128 mutationibus
1236 3040 1447 3139 ducentes,
1475 3039 1743 3126 fundamento
1761 3063 1907 3127 carere
1933 3043 1996 3126 vi·
2143 3045 2144 3108 ἒ

426 3165 561 3254 detur.
614 3166 763 3280 Capita
798 3188 1053 3255 cometarum
1082 3165 1359 3280 atmosphaeris
1392 3166 1627 3276 ingentibus
1662 3167 1910 3276 cinguntur3
1950 3165 1995 3250 dt

425 3291 704 3404 atmosphaerae
730 3293 887 3378 inferne
908 3292 1121 3378 denfiores
1142 3289 1221 3376 esse
1243 3291 1408 3377 debent.
1464 3287 1588 3377 Unde
1616 3289 1747 3376 nubes
1768 3290 1869 3388 suut,¹
1904 3316 1993 3377 uon

426 3413 510 3528 ipsa
536 3434 792 3502 cometarum
818 3443 1031 3529 corpora,
1050 3415 1093 3500 in
1119 3415 1266 3529 quibus
1298 3415 1545 3502 mutationes
1571 3417 1657 3501 illae
1675 3415 1872 3501 visuntur.
1924 3417 1995 3504 Sic

428 3539 592 3626 terrast
624 3565 648 3624 e
685 3540 853 3653 planetis
891 3535 1151 3650 spetllaretur,
1191 3541 1283 3624 luce
1315 3540 1486 3628 nubium
1519 3540 1678 3625 suarum
1715 3539 1994 3650 proculdubio

425 3661 672 3774 splenderet,
700 3663 743 3744 dt
767 3687 917 3774 corpus
942 3661 1118 3747 firmum.
1136 3661 1208 3748 sub
1232 3663 1405 3748 nubibus
1437 3689 1571 3777 prope
1598 3660 1871 3747 delitesceret.
1924 3661 1992 3748 Sic

426 3783 597 3893 cingula.
613 3782 718 3891 jovis
740 3784 784 3868 iu
815 3781 988 3868 nubibus
1011 3785 1183 3894 planetae
1199 3783 1302 3870 illius
1323 3781 1496 3871 formate
1518 3785 1624 3882 sunt,
1649 3809 1743 3896 quae
1767 3783 1882 3866 strum
1899 3803 1986 3870 mu.-

426 3925 513 3992 tant
540 3907 648 3992 inter
675 3903 730 4006 se,
756 3905 987 3993 &firmum
1013 3905 1119 4014 jovis
1144 3931 1295 4020 corpus
1314 3932 1388 4019 pet
1407 3907 1536 3994 nubes
1560 3905 1643 3992 illas
1671 3903 1878 3990 difficilius
1893 3926 1987 3990 cer·

422 4031 547 4128 nitur.
576 4029 632 4118 Et
656 4032 788 4118 multo
813 4030 939 4140 magis
963 4055 1140 4144 corpora
1156 4049 1412 4118 cometarum
1439 4031 1510 4120 sub
1531 4026 1879 4142 atmospbaetis&
1896 4053 1990 4143 pro.

307 4231 308 4234 γ
424 4154 681 4248 lundioribus
700 4156 744 4244 dr
764 4155 1019 4246 craffioribus
1038 4149 1418 4246 abscondidebeut.
