4344 5648
426 231 829 333 riiucirii
879 157 1509 334 naissitanos(
1660 269 1752 368 325

184 401 720 500 [permovendorum
746 401 950 490 cessitius
986 428 1110 518 quam
1145 402 1253 488 aliud
1283 402 1462 516 quodvis
1491 405 1635 494 endem
1663 405 1840 549 lon-3¹⁴
1796 505 1951 550 nunna

185 533 370 649 gitudine
393 531 436 618 δε
457 531 673 619 latitudine
701 525 955 646 descriptum
978 531 1153 618 solidum
1177 532 1386 619 circulare.

271 822 736 923 PROPOSITIO
782 819 990 924 XXXV.
1081 818 1502 976 PROBLEMA
1530 819 1653 926 Vii.

184 999 237 1114 Si
271 999 465 1110 mensim
496 1038 652 1104 terrim
684 1037 738 1100 ex
764 997 1003 1138 particulis
1034 1039 1174 1136 quam
1213 1002 1407 1102 omnibns
1440 1003 1759 1140 quiescentibus

263 1155 500 1292 equalibus
535 1153 595 1260 ἔθ’
632 1154 702 1254 ad
719 1154 907 1290 equales
940 1153 1218 1255 abinvicem
1250 1155 1478 1288 tristamini
1499 1155 1644 1254 libere
1665 1157 1752 1276 diſs·

248 1307 396 1446 postris
418 1308 604 1440 constet:
638 1305 836 1406 invenire
861 1305 1145 1444 eefistentiam
1164 1303 1281 1440 globi
1308 1306 1355 1408 in
1389 1307 1465 1406 hoc
1489 1305 1628 1406 inedie
1654 1307 1755 1404 tini.-

205 1517 208 1522 ·
243 1461 453 1595 formiter
469 1458 806 1601 progredientis.

240 1736 332 1842 Caſs
350 1763 380 1820 i.
417 1735 637 1847 Cylindrus
669 1733 815 1820 eadem
851 1729 1056 1819 diametro
1087 1729 1131 1816 <ia
1165 1733 1380 1820 altitudine
1404 1733 1628 1847 descriptus
1659 1759 1756 1848 pro

181 1860 302 1971 gredi
331 1861 577 1972 intelligatur
615 1858 761 1946 eadem
799 1859 1017 1944 velocitate
1060 1859 1290 1944 secundum
1327 1860 1633 1970 longitudinem·
1671 1865 1764 1948 axio

182 1981 243 2074 sui
271 1987 314 2070 in
346 1989 498 2074 eodem
525 1986 678 2074 medio
734 1981 790 2070 Et
817 2010 1013 2095 ponamus
1040 1986 1155 2098 quod
1189 1985 1398 2096 particula
1427 1986 1576 2086 medii,
1595 1987 1754 2100 inguar

181 2108 327 2212 globus
363 2111 429 2192 vel
456 2109 662 2218 cylindrus
693 2106 852 2202 incidit,
879 2107 920 2190 vi
946 2106 1180 2191 reflexionis
1212 2133 1335 2220 quam
1366 2109 1541 2192 maxima
1570 2110 1757 2193 resriiant.

182 2225 239 2316 Et
267 2255 365 2320 cum
390 2229 609 2320 resistentia
633 2229 745 2342 globi
775 2235 867 2338 (per
897 2227 1219 2339 propositionem
1249 2230 1525 2340 nouissimam)
1556 2234 1600 2316 sit
1629 2233 1757 2344 duplo

182 2354 318 2441 minoi
344 2379 467 2470 quam
495 2351 711 2438 resistentia
739 2351 930 2464 cylindri,
961 2351 1003 2434 ἃ
1029 2348 1175 2462 globus
1199 2353 1245 2438 sit
1267 2353 1317 2437 ad
1345 2355 1584 2466 cylindrum·
1598 2377 1643 2441 ot
1669 2357 1763 2448 duo·

180 2475 231 2565 ad
248 2477 340 2574 tria,
365 2477 635 2588 &cylindrus
663 2475 889 2560 incidendo
911 2475 1303 2587 perpendiculariter
1327 2478 1369 2563 in
1396 2480 1623 2589 particulas,
1641 2479 1757 2592 ipsas·

179 2626 262 2718 que
283 2605 604 2714 quammaxime
637 2595 905 2698 resedendo,
940 2599 1111 2711 duplam.
1131 2601 1344 2711 suiipsius
1377 2605 1636 2688 velocitatem
1667 2601 1757 2714 ipsis

182 2731 463 2814 communicet
480 2756 494 2812 ι.
520 2727 745 2840 cylindrus,
765 2752 850 2839 quo
884 2747 1072 2838 tempore
1106 2725 1317 2812 dimidiam
1344 2727 1647 2839 longitudinem
1672 2731 1759 2814 axis

179 2850 237 2936 sui
260 2851 518 2938 uniformiter
546 2849 1078 2962 progrediendodescribie,
1097 2852 1421 2938 communicabit
1453 2872 1613 2938 motum
1635 2857 1757 2966 parti

180 2975 293 3073 culis,
321 2977 392 3091 qui
419 2975 464 3060 iit
499 2978 549 3061 ad
574 2996 708 3060 totum
735 2973 913 3086 cylindri
934 2993 1095 3058 motum
1128 2997 1173 3060 ut
1199 2976 1371 3061 denbtas
1402 2975 1528 3060 medii
1554 2971 1757 3064 indensi

180 3117 306 3186 tatem
333 3101 505 3210 cylindri
527 3139 539 3198 ς
569 3101 612 3184 dt
632 3100 790 3210 globus,
810 3127 896 3213 quo
919 3118 1107 3210 tempore
1131 3120 1261 3184 totam
1286 3101 1754 3208 longitudinem-diame-

181 3225 234 3310 tri
264 3224 343 3309 suae
372 3225 633 3310 uniformiter
662 3225 970 3336 progrediendo
997 3224 1205 3322 describit,
1240 3223 1565 3310 communicabit
1595 3245 1756 3315 motum

181 3349 360 3432 eundem
382 3349 622 3458 particulise
644 3348 687 3430 δι
706 3373 794 3458 quo
812 3367 1002 3458 tempore
1022 3346 1121 3432 duas
1145 3350 1282 3434 tertias
1306 3369 1439 3460 partes
1458 3348 1649 3436 diametri
1674 3353 1755 3438 suae

181 3472 389 3568 describit,
423 3472 745 3556 communicabit
770 3491 930 3556 motum
959 3470 1179 3582 particulis,
1207 3474 1279 3584 qui
1308 3473 1354 3558 sit
1391 3471 1444 3556 ad
1476 3491 1612 3558 totum
1643 3477 1754 3586 globi

181 3617 343 3680 motum
363 3615 409 3677 ut
429 3592 600 3677 densitas
620 3595 745 3678 medii
768 3593 822 3678 ad
845 3593 1085 3701 densitatem
1113 3593 1239 3701 globi.
1294 3591 1350 3679 Et
1372 3615 1590 3706 propterea
1609 3601 1754 3707 globus

180 3719 440 3830 resistentiam
464 3720 629 3830 patirur,
654 3743 748 3832 quae
765 3717 810 3802 sit
834 3719 888 3804 ad
907 3719 998 3804 vim
1013 3744 1096 3831 qua
1124 3738 1236 3804 totus
1250 3719 1338 3828 ejus
1355 3742 1490 3806 motus
1516 3723 1581 3805 vel
1605 3723 1754 3816 auferri

180 3845 302 3958 possit
333 3847 397 3930 vel
425 3845 608 3954 generari
644 3870 729 3956 quo
762 3863 959 3954 tempore.
991 3843 1093 3927 duas
1120 3852 1257 3928 tertias
1288 3865 1423 3955 partes
1453 3845 1643 3930 diametri
1664 3850 1753 3937 ‚suae

181 3969 440 4061 uniformiter
462 3969 770 4080 progrediendo
787 3967 995 4070 describit,
1023 3988 1080 4052 ut
1088 3967 1275 4054 densitas
1286 3970 1413 4056 medii
1436 3969 1487 4054 ad
1510 3969 1752 4061 densitatem

209 4095 304 4182 lobi

176 4124 208 4212 g
235 4221 380 4329 Cass.
408 4217 613 4302 Ponamus
637 4217 752 4327 quod
782 4219 1000 4329 particula
1019 4215 1182 4302 medii
1172 4244 1214 4302 in
1236 4217 1411 4328 globum
1433 4220 1507 4304 vel
1517 4215 1758 4329 cylindrum·-

180 4345 410 4446 incidentes
437 4370 520 4434 non
552 4339 840 4440 refleiiantum
877 4341 921 4426 δε
950 4341 1158 4454 cylindrus
1189 4343 1414 4428 incidendo
1444 4343 1752 4456 perpendicula·

182 4470 280 4553 riter
310 4469 353 4556 in
381 4468 593 4579 paniculas
618 4465 838 4577 simplicem
868 4464 978 4549 snam
1011 4467 1273 4550 velocitatem
1295 4465 1385 4577 ipsis
1417 4469 1761 4569 communicabit,

181 4593 361 4705 ideoque
388 4592 648 4678 refissentiam
680 4591 831 4703 patitur
858 4591 986 4703 duplo
1019 4592 1220 4702 minorem
1256 4617 1378 4705 quam
1413 4593 1455 4680 in
1479 4595 1753 4707 primocasu,

180 4717 455 4810 &resistentia
467 4718 676 4827 globierii
702 4716 971 4827 etiamduplo
991 4719 1126 4802 minor
1145 4743 1267 4832 quam
1282 4719 1402 4829 prius.

232 4846 329 4952 Cas
347 4869 381 4939 3·
418 4845 616 4926 Ponamus
642 4841 756 4953 quod
789 4841 997 4953 particulae
1026 4843 1152 4928 medii
1173 4843 1212 4927 vi
1237 4841 1481 4929 reflexionis
1500 4865 1636 4953 neque
1666 4869 1749 4928 ma-

23 5011 26 5017 ·
179 4971 292 5058 xima
315 4991 451 5082 neque
480 4967 600 5065 nulla,
632 4967 718 5052 sed‘
736 4966 936 5052 mediocri
973 4969 1106 5078 aliqua
1137 4965 1309 5053 resiliant
1336 4997 1357 5051 a
1388 4967 1543 5076 giobo,
1585 4965 1750 5052 &reli

1608 5089 1761 5176 stentin:
