4352 5646
410 249 509 378 380
673 251 1205 352 PHtLosortttAE
1251 247 1711 350 NATURnLts

197 413 386 551 {3¹2¹quss
411 419 553 501 teriam
580 421 758 502 vorticis.
832 419 926 507 Sine
965 426 1033 506 tali
1061 424 1264 535 principio
1290 419 1447 506 necesse
1486 420 1607 506 estut
1635 419 1778 527 globus
1806 417 1849 502 tc
1883 445 1981 504 vor·-

326 532 334 548 ‘
364 535 374 547 ”
411 543 498 624 ticis
522 565 652 652 partes
672 546 899 642 interiores,
927 569 1197 658 propagantes
1217 548 1374 655 semper
1401 565 1560 628 motum
1584 543 1699 625 suurn
1727 544 1770 626 in
1800 546 1984 628 exterio·

408 689 485 760 res,
514 691 648 776 neque
667 693 820 750 novum
848 671 1027 782 aliquem
1060 690 1220 754 motum
1243 669 1498 779 recipientes,
1532 664 1758 750 tardescant
1787 667 1985 777 paulatim

413 787 453 870 dt
474 789 514 871 in
536 793 678 874 orbern
698 793 761 898 agi
781 793 972 878 desinant.

470 913 592 994 Corol.
617 941 650 1015 5.
679 915 719 997 Si
747 915 890 1024 globus
917 920 1015 1002 alter
1047 920 1141 1002 huic
1175 918 1324 1002 vortici
1353 917 1404 1000 ad
1430 935 1584 1000 certam
1611 913 1661 996 ab
1688 912 1805 1023 ipsius
1834 934 1987 998 centro

416 1035 639 1121 dillantiam
676 1041 888 1136 iona-taret,
925 1042 965 1124 dt
993 1045 1149 1126 interea
1177 1043 1288 1126 circa
1324 1065 1444 1124 artem
1469 1037 1732 1123 inclinatione
1766 1038 1906 1122 datum
1938 1036 1987 1118 vi

416 1163 545 1272 aliqua
583 1164 810 1248 conllanter
845 1169 1151 1262 revolveretura
1189 1165 1305 1272 hujus
1341 1181 1457 1248 motu
1495 1181 1706 1270 raperetur
1733 1157 1909 1246 fluidum
1937 1162 1985 1246 in

416 1295 642 1374 vorticem:
684 1288 886 1400 &primo
915 1295 1194 1378 revolveretur
1222 1291 1289 1374 bic
1310 1309 1458 1372 vortex
1477 1310 1606 1372 novus
1644 1283 1878 1395 &exiguus
1903 1313 1988 1370 una

417 1435 511 1495 eum
533 1413 658 1520 globo
686 1415 792 1498 cirea
824 1417 1214 1516 centrutnalterius,
1252 1415 1297 1499 &
1322 1415 1475 1497 interea
1507 1410 1622 1494 latius
1654 1409 1832 1518 serperet
1862 1412 1985 1521 ipsrus

413 1559 561 1632 motus,
598 1537 640 1620 ἃ
669 1539 861 1648 paulatim
894 1559 1185 1650 propagaretur
1212 1539 1254 1623 in
1281 1536 1499 1634 inlinitum,
1536 1533 1587 1618 ad
1613 1535 1785 1620 modum
1813 1537 1983 1622 vorticis

408 1661 541 1766 primi.
599 1659 653 1746 Et
682 1663 823 1746 eadem
839 1667 1009 1762 ratione,
1027 1691 1109 1776 qua·
1134 1661 1250 1771 hujus
1274 1661 1421 1770 globus·
1444 1679 1653 1768 raperetur
1677 1680 1793 1744 motu
1814 1660 1986 1744 vorticis

408 1769 586 1869 alterius,
613 1791 822 1880 raperetur
849 1775 971 1856 etiam
990 1774 1135 1881 globus
1154 1773 1317 1856 alterius
1329 1786 1448 1854 motu
1469 1766 1602 1875 hujus,
1633 1769 1685 1852 tic
1706 1789 1750 1851 ut
1766 1768 1878 1876 globi
1897 1771 1986 1853 duo

409 1890 516 1972 eirca
538 1893 831 1976 intermedium
853 1894 1018 2006 aliquod
1040 1893 1237 2005 punslum
1260 1893 1586 1990 revolverentur,
1615 1890 1740 2003 seque
1762 1911 1910 1976 mutuo
1931 1891 1985 1974 ob

408 2033 570 2097 motum
600 2015 712 2099 illurn
746 2017 984 2102 circularem
1016 2017 1222 2128 sugerent,
1258 2019 1328 2102 nist
1364 2041 1436 2128 per
1470 2017 1553 2099 vitn
1586 2015 1761 2126 aliquam
1800 2016 1984 2102 cohibiti.

409 2133 552 2220 Postea
577 2137 604 2220 sr
623 2140 729 2223 vires
748 2139 977 2226 constanter
996 2139 1209 2253 impresse,
1236 2141 1384 2252 quibus
1403 2141 1519 2248 globi
1536 2140 1576 2224 in
1598 2139 1778 2222 motibus
1799 2139 1873 2222 suis
1892 2165 1981 2250 per-

407 2257 605 2360 severant,
630 2263 840 2363 cessarent,
868 2265 911 2348 &
931 2271 1067 2350 omnia
1086 2266 1243 2374 legibus
1262 2265 1509 2349 mechanici-s
1533 2263 1884 2373 permitterentur,
1903 2265 1983 2346 lan·

408 2383 619 2490 guesceret
638 2388 828 2497 paulatim
858 2410 993 2474 motus
1019 2392 1237 2497 globorum
1268 2390 1343 2496 (ob
1375 2391 1578 2477 rationem
1606 2389 1649 2472 in
1672 2389 1800 2472 coros.
1825 2415 1861 2486 3.
1883 2385 1929 2468 δι
1946 2416 1985 2492 4,,

410 2503 723 2618 ass1gnatam)&
744 2512 921 2595 vortices
941 2512 1107 2596 tandetn
1128 2513 1478 2625 conquiescerent.

466 2630 596 2715 Caroli
615 2641 651 2715 6.
679 2633 720 2718 Si
740 2631 850 2743 globi
876 2637 1010 2748 plures
1031 2636 1134 2721 datis
1152 2639 1194 2722 in
1217 2637 1317 2723 locis
1341 2639 1509 2722 circum.
1524 2661 1618 2724 axes
1646 2633 1840 2746 positione
1859 2632 1980 2718 datos

410 2753 534 2838 oert'is
565 2781 669 2841 cum·
696 2762 975 2845 velocitatibus
1003 2763 1231 2846 conslanter
1260 2764 1587 2860 revolverentur,
1623 2761 1768 2847 fierent
1804 2759 1984 2844 vortices

410 2877 587 2960 totidem
608 2879 650 2962 in
677 2879 882 2965 inlinitum
908 2905 1135 2992 pergentes.
1190 2883 1295 2968 Nam
1322 2887 1434 2994 globi
1468 2883 1607 2992 stoguli
1636 2883 1795 2968 eadem.
1811 2881 1979 2978 ratione,

410 3025 491 3111 qua
518 3025 621 3084 unus
644 3003 785 3116 aliquis
816 3027 977 3090 motum
1002 3007 1117 3091 suurn
1151 3013 1415 3121 propagatio
1441 3011 1658 3106 infinitum,
1697 3007 1980 3119 propagabunt

411 3124 534 3209 etiam
565 3145 700 3211 motus
720 3127 816 3226 ¹suos
843 3129 885 3216 in
915 3130 1136 3229 infinitum,
1162 3132 1268 3218 adeo
1296 3153 1342 3216 ut
1364 3133 1483 3218 fluidi
1510 3135 1656 3220 infiniti
1682 3159 1774 3244 pars
1798 3158 1978 3243 unaque·

411 3273 493 3360 que
521 3277 572 3334 eo
587 3252 762 3360 agitetur
785 3273 904 3340 motu
930 3257 1079 3368 quiex
1106 3258 1291 3342 omnium
1321 3257 1540 3366 globorum
1560 3255 1787 3343 odionibus
1809 3255 1982 3340 resultat.

411 3370 535 3458 Unde
554 3377 737 3460 vortices
757 3403 842 3462 non
862 3377 1110 3465 definientur
1130 3384 1252 3467 certis
1273 3377 1481 3484 limitibus,
1508 3385 1577 3471 sed
1600 3386 1644 3470 in
1659 3382 1700 3468 se
1728 3401 1877 3466 mutuo
1888 3405 1980 3491 pau·

412 3497 524 3583 latim
544 3523 791 3601 excurrente
835 3503 1030 3616 globique
1055 3532 1130 3618 per
1152 3503 1330 3594 asiiones
1347 3511 1566 3596 vorticum·
1579 3513 1623 3596 in
1644 3509 1696 3592 se·
1713 3526 1863 3592 mutuo
1890 3532 1984 3615 per„

411 3647 541 3734 petuo
561 3627 837 3711 movebuntur
862 3627 915 3713 de
942 3631 1043 3714 locis
1071 3634 1163 3731 suis,
1190 3636 1252 3718 uti
1273 3637 1327 3720 in.
1347 3636 1578 3722 corollario.
1593 3635 1801 3746 superiore
1826 3629 1978 3740 exposta

413 3743 605 3840 turnella
635 3771 770 3859 neque
789 3768 942 3832 certam
960 3755 1143 3862 quamvis
1169 3755 1276 3839 inter
1301 3756 1342 3840 se
1371 3756 1615 3868 positionem
1646 3755 1869 3847 servabunt,
1903 3750 1979 3836 nisi

411 3893 486 3981 per
518 3867 601 3952 vim
629 3868 802 3980 aliquam
844 3873 1006 3954 retenti.
1072 3871 1327 3962 Cessantibus
1362 3900 1499 3964 autem
1529 3879 1683 3967 viribus
1714 3876 1785 3962 illis
1814 3899 1915 3986 quae.
1937 3874 1982 3960 in

412 3994 562 4102 globos
584 3991 813 4077 constanter
837 3990 1037 4105 imprelsae
1063 3998 1302 4085 conservant
1330 4001 1452 4089 hosce
1484 4023 1636 4102 motus,
1650 3999 1831 4086 materia
1850 3997 1906 4081 ob
1923 4023 1983 4081 ra2

412 4118 641 4204 tionem-in-
654 4119 1016 4206 corollario-tertio
1042 4121 1086 4206 or
1104 4143 1249 4236 quarto
1269 4125 1519 4236 asbgnatam‚
1542 4128 1734 4242 paulatim
1755 4120 1979 4235 requiescet

414 4241 464 4325 dt·
476 4243 519 4326 in'
538 4241 714 4326 vortices
743 4241 806 4350 agi
824 4241 987 4328 definet.

422 4411 427 4422 ·
472 4367 596 4452 Garat.
612 4393 650 4468 7.
674 4365 716 4450 Si
742 4363 917 4455 fluidum
944 4369 1113 4457 stmilare
1136 4373 1346 4460 claudatur
1372 4379 1417 4462 in
1447 4375 1537 4462 vase
1562 4374 1775 4488 sphaerico,
1803 4395 1847 4457 as
1865 4363 1976 4477 globi

415 4494 458 4577 in
477 4510 623 4606 centro
637 4490 886 4613 consistentis
904 4493 1099 4581 uniformi
1123 4501 1328 4587 rotatione
1353 4520 1494 4613 agatur
1519 4503 1564 4588 in
1592 4501 1810 4598 vorticem,
1840 4495 1980 4607 globus

415 4637 554 4702 autem
580 4615 623 4700 dt
654 4642 728 4699 vas·
748 4619 789 4701 in
810 4618 988 4706 ¹eandem
1016 4641 1176 4735 partem
1208 4625 1316 4711 circa
1343 4655 1462 4714 axem
1496 4625 1675 4716 eundem
1697 4622 1980 4724 revolvantur,

416 4743 573 4857 sintque
604 4767 751 4858 eorum
782 4763 969 4857 tempora
999 4748 1210 4861 periodica
1240 4771 1286 4833 ut
1321 4753 1515 4864 quadrata
1555 4739 1976 4854 semidiametrorum:

416 4889 551 4983 partes
568 4865 687 4956 fluidi
706 4891 796 4958 non
827 4869 938 4986 ptius
959 4869 1273 4988 perseverabunt
1300 4881 1346 4964 in
1363 4875 1542 4964 motibus
1564 4872 1642 4961 suis
1667 4871 1750 4960 fine
1780 4871 1973 4956 accelera·

1866 5013 1980 5081 uone.
