4352 5646
383 311 815 408 ‘PRINCIPIA
863 304 1460 410 MATHEMATI'CA.
1633 347 1727 436 401

169 501 217 567 ut
243 482 288 566 fit
308 481 348 564 in
365 479 556 588 gravibus
584 481 625 562 in
649 481 722 562 hac
747 498 852 562 terra
874 479 1015 564 nollra.
1072 477 1127 562 Et
1149 480 1298 564 eodem
1328 500 1571 587 argumento
1598 482 1728 590 plane·

173 627 226 692 tae
245 606 559 702 circumsolares‚
583 605 632 688 ab
655 606 872 716 aequalibus
893 636 914 690 a
932 607 1013 689 sole
1037 605 1229 688 distantiis
1252 607 1424 703 de'milsr,
1451 607 1643 692 descensu
1664 607 1734 689 suo

169 732 360 818 insolens
393 729 610 842 aequalibus
641 729 895 839 temporibus
931 731 1098 842 aequalia
1123 729 1243 840 spatia
1272 730 1559 816 describerent.
1616 729 1655 814 V
1660 732 1737 814 ires

173 877 323 953 autent,
360 856 506 967 quibus
541 881 714 965 corpora
750 855 961 966 inaequalia
996 856 1203 966 aequalitet
1239 857 1529 953 accelerantur,
1567 855 1656 940 sunt
1690 875 1735 936 ut

1791 486 1917 542 tama

1745 567 1942 626 Ttu‘rtus.

173 1007 376 1092 corpora;
408 979 486 1063 hoc
502 981 571 1077 est,
600 979 782 1090 pondera
806 1001 851 1062 ut
870 981 1113 1090 quantitates
1143 981 1322 1063 materiae
1341 981 1382 1064 in
1402 982 1581 1090 planetis.
1637 981 1739 1064 Por·
1808 1042 1812 1050 ,

173 1137 221 1194 ro
237 1108 341 1216 jovis
362 1105 402 1187 &
425 1105 510 1213 ejus
535 1105 748 1188 satellitum
770 1104 952 1216 pondera
967 1107 1009 1188 in
1030 1106 1152 1188 solem
1167 1105 1489 1214 proportionalia
1517 1104 1595 1190 esse
1614 1133 1739 1218 quan·
1862 1213 1866 1222 .

168 1235 356 1318 titatibus
382 1230 559 1313 materiae
592 1253 736 1311 eorum
775 1247 886 1336 patet
915 1255 967 1312 ex
1008 1249 1123 1312 motu
1159 1228 1373 1311 satellitum
1405 1255 1526 1340 quam
1561 1231 1745 1312 maxime

170 1359 375 1467 regulari3
406 1380 477 1465 per
497 1353 613 1436 corol
641 1381 675 1449 3·
708 1377 825 1462 prop.
847 1379 938 1436 cxv.
979 1351 1046 1435 lib.
1069 1379 1099 1434 1.
1157 1351 1264 1433 Nam
1291 1351 1488 1436 sthorum
1515 1354 1636 1465 aliqui
1655 1379 1738 1436 ma-

176 1483 236 1593 gis
265 1481 518 1564 traherentur
544 1478 585 1560 iu
604 1476 743 1572 solem,
773 1503 849 1587 pro
874 1477 1099 1587 quantitate
1128 1475 1307 1559 materiae
1338 1475 1432 1572 suae,
1462 1502 1585 1588 quam
1618 1497 1737 1560 caete·

172 1609 236 1692 ri:
267 1627 401 1690 motus
431 1601 644 1685 satellitum
676 1607 767 1710 (per
797 1603 924 1685 corol.
944 1631 979 1681 2.
1017 1625 1133 1710 prop.
1159 1627 1252 1682 cxv.
1287 1601 1353 1682 lib.
1381 1611 1433 1710 1.)
1468 1629 1520 1686 ex
1538 1597 1740 1716 inaequali·

176 1756 259 1818 tate
279 1727 524 1815 attraslionis
546 1727 892 1838 perturbarentur.
949 1726 1004 1822 Si,
1032 1725 1194 1836 paribus
1215 1754 1236 1808 a
1259 1725 1339 1810 sole
1359 1727 1565 1830 distantiis,
1586 1731 1739 1818 satelles

176 1858 318 1970 aliquis
346 1856 507 1964 gravior
522 1849 625 1936 esset
654 1847 838 1935 insulem
870 1861 946 1960 pro
969 1851 1194 1963 quantitate
1215 1853 1394 1935 materiae
1417 1854 1511 1951 suae,
1538 1882 1660 1968 quam
1677 1858 1740 1967 ju·

176 1987 282 2096 piter
313 2007 390 2092 pro
426 1978 652 2091 quantitate
681 1975 863 2058 materiae
889 1973 983 2071 suae,
1011 1978 1052 2059 in
1078 1975 1238 2060 ratione
1266 2003 1510 2092 quacunque
1541 1983 1648 2080 data,
1668 2011 1740 2095 pu·

176 2131 217 2195 ta
238 2109 267 2192 d
281 2108 332 2191 ad
354 2133 405 2189 e:
434 2101 617 2188 distantia
646 2099 753 2184 inter
780 2120 968 2185 centrum
996 2101 1087 2186 solis
1123 2099 1166 2183 &
1198 2122 1385 2188 centrum
1414 2107 1523 2190 orbis
1550 2107 1740 2216 satelliti5‚

172 2232 305 2340 major
328 2231 486 2340 semper
517 2227 626 2310 foret
644 2249 772 2335 quam
809 2223 991 2308 dillantia
1016 2228 1121 2308 inter
1152 2249 1339 2310 centrum
1367 2228 1523 2314 solis&
1551 2257 1741 2325 centrum

169 2357 282 2464 jovis
307 2358 349 2440 in
376 2352 536 2436 tatione
562 2345 840 2457 subduplicata
865 2373 985 2456 quam
1016 2349 1204 2460 proxime
1228 2386 1239 2446 ;
1273 2354 1336 2435 uti
1370 2356 1526 2440 calculo
1559 2361 1741 2474 quodam

175 2483 283 2568 inito
312 2477 463 2564 inveni.
508 2469 628 2556 Etn
657 2471 810 2555 satelles
847 2472 978 2556 minus
1006 2474 1137 2581 gravis
1161 2467 1256 2557 esset
1283 2475 1325 2560 in
1350 2475 1476 2564 solem
1511 2481 1739 2574 iuratione

173 2608 244 2691 'illa
263 2605 293 2688 d
306 2604 357 2687 ad
376 2630 409 2700 e,
437 2597 621 2684 distantia
649 2596 781 2680 centri
809 2595 919 2680 orbis
952 2597 1127 2681 satellitis
1159 2624 1180 2680 a
1207 2598 1289 2684 sole
1319 2603 1454 2688 minor
1481 2605 1590 2692 soret
1616 2639 1740 2725 quam

179 2725 363 2814 distantia
397 2725 528 2808 centri
559 2722 664 2830 jovis
698 2719 828 2804 asole
862 2721 904 2804 in
931 2723 1088 2805 ratione
1115 2721 1179 2803 illa
1205 2719 1490 2834 subduplicata.
1558 2729 1742 2848 ideoque

177 2853 269 2938 stin
294 2849 512 2965 aequalibus
535 2874 557 2930 a
579 2845 662 2930 sole
682 2843 890 2942 dillantiis
924 2835 1095 2956 gsavitas
1121 2849 1384 2934 acceleratrix
1410 2851 1585 2941 satellitis
1614 2859 1742 2970 cujus·

179 2979 304 3062 visin
327 2970 455 3060 solem
473 2969 601 3080 major
629 2965 727 3054 esset
749 2971 814 3054 vel
844 2971 978 3055 minor
1001 2992 1122 3084 quarn
1149 2973 1321 3080 gravitas
1353 2980 1618 3066 acceleratrix
1637 2983 1746 3094 jovis

181 3109 222 3192 in
243 3103 386 3200 solem,
419 3120 534 3212 parte
566 3113 724 3180 tantum
757 3091 963 3180 millesrma
1003 3097 1208 3204 gravitatis
1235 3099 1385 3196 totius;
1423 3097 1532 3186 soret
1558 3107 1741 3198 distantia

181 3229 312 3316 centri
332 3226 441 3312 orbis
468 3223 643 3308 satellitis
665 3249 687 3304 a
713 3219 796 3302 sole
825 3219 953 3328 major
979 3225 1043 3307 vel
1072 3225 1207 3306 minor
1238 3249 1360 3334 quam
1392 3221 1575 3313 distantia
1594 3232 1744 3339 jovita

180 3353 263 3438 sole
278 3357 405 3464 ¹parte
433 3361 525 3438 -,-'--
545 3343 740 3428 dillantiae
767 3342 908 3439 totius,
936 3343 981 3426 id
1008 3343 1077 3441 est,
1104 3365 1218 3454 parte
1251 3347 1392 3458 quinta
1417 3349 1612 3437 distantiae
1629 3358 1742 3444 satel-

175 3479 260 3562 litis
285 3475 429 3559 extimi
460 3499 481 3554 a
506 3487 651 3553 centro
675 3465 805 3574 jovis:
844 3488 937 3580 quae
969 3468 1133 3580 quidem
1166 3470 1275 3554 orbis
1314 3475 1594 3562 eccentricitas
1632 3479 1742 3568 soret

177 3603 294 3687 valde
321 3596 521 3686 sensibilis,
578 3591 658 3676 Sed
675 3591 794 3676 orbes
820 3591 1034 3677 satellitum
1052 3594 1139 3677 sunt
1155 3594 1241 3704 jovi
1263 3600 1531 3698 concentrici,
1559 3603 1601 3687 asc
1620 3629 1744 3720 prop.

175 3751 291 3816 terea
317 3725 532 3836 gravitates
561 3719 864 3803 acceleratrices
878 3715 984 3826 jovis
1011 3718 1286 3805 &satellitum
1311 3719 1501 3809 insulem
1532 3750 1744 3843 aequantur

174 3859 287 3942 inter
310 3851 361 3937 se.
418 3845 474 3932 Et
501 3843 650 3930 eodem
680 3860 923 3951 argumento
954 3843 1137 3954 pondera
1166 3845 1315 3932 saturni
1347 3845 1389 3931 δι
1423 3855 1624 3940 comitum
1659 3859 1743 3968 ejus

178 3985 225 4068 in
240 3976 383 4073 solem,
406 3975 453 4058 in
478 3969 694 4083 aequalibus
718 3996 740 4052 a
769 3969 850 4054 solt
876 3967 1084 4068 distantiis,
1109 3969 1200 4056 sunt
1231 3995 1276 4056 ut
1299 3977 1543 4085 quantitates
1564 3981 1744 4067 materiae

182 4107 225 4188 in
251 4091 367 4211 ipsas:
397 4093 440 4177 sa
456 4095 642 4205 pondera
667 4095 772 4175 lunae
797 4117 846 4174 ac
871 4113 989 4176 tenae
1016 4097 1060 4177 in
1081 4093 1208 4178 solem
1239 4098 1303 4179 vel
1332 4099 1437 4181 nulla
1464 4100 1568 4200 sunt,
1593 4107 1658 4188 vel
1680 4132 1744 4192 ea·

178 4247 275 4312 turn
298 4211 430 4308 maffis
457 4235 644 4302 accurate
665 4217 994 4327 proportionalia.
1022 4217 1172 4330 Aliqua
1198 4239 1333 4304 autern
1354 4221 1442 4305 sunt
1467 4249 1541 4334 per
1563 4229 1690 4314 corol.
1708 4259 1745 4317 ·1·.

179 4351 225 4436 &
246 4380 279 4450 3.
309 4364 426 4459 prop.
443 4369 484 4428 v.
952 4401 954 4405 -

233 4472 476 4586 Quinetiam
500 4465 686 4580 pondera
707 4465 886 4577 partium
913 4463 1153 4576 srngularum
1182 4468 1354 4579 planetae
1390 4470 1583 4584 cujusque
1609 4477 1650 4562 in
1678 4475 1746 4560 ali-

181 4619 256 4685 um
280 4614 568 4708 quemcunque
593 4591 687 4678 sunt
708 4583 820 4676 ¹inter
851 4589 958 4678 seut
984 4593 1151 4677 materia
1172 4594 1219 4678 in
1241 4593 1420 4705 partibus
1440 4595 1611 4709 singulis.
1639 4601 1745 4684 Nam

182 4724 367 4834 srpartes
392 4719 535 4830 aliquae
560 4720 648 4830 plus
677 4718 938 4825 gravitarent,
971 4716 1061 4801 aliae
1085 4719 1232 4816 minus,
1260 4743 1382 4830 quam
1417 4745 1493 4832 pro
1522 4721 1747 4833 quantitate

183 4845 390 4934 materiae:
429 4845 587 4954 planeta
607 4859 734 4941 totuS,
762 4862 839 4952 pro
865 4862 1015 4952 genere
1041 4846 1218 4956 partium
1245 4845 1392 4956 quibus
1417 4845 1604 4930 maxime
1624 4846 1747 4932 abun·

186 4974 272 5072 det,
303 4969 522 5084 gravitaret
540 4968 666 5078 magis
687 4967 752 5054 tel
771 4967 902 5054 minus
927 4990 1145 5172 qupatfufpro
1165 4969 1390 5081 quantitate
1411 4969 1591 5054 materiae
1611 4970 1748 5178 toquq.

1012 5151 1015 5156 ι
1695 5117 1716 5176 e
