4450 5674
768 243 1319 344 PRAEFATIO:

262 411 382 514 effen,
399 402 537 489 deinde
550 405 764 492 etiamalio
775 421 934 492 tentare
951 406 1150 518 copiffem,
1170 434 1256 522 que
1269 404 1324 490 od
1338 406 1442 518 leges
1457 402 1498 492 [i
1512 407 1714 516 menstoras
1729 431 1825 516 gra·

264 533 415 618 vitatis
448 529 489 620 &
521 531 693 616 aliorum
717 535 884 630 virium,
922 531 965 620 ὅ
990 533 1152 646 figuras
1173 563 1199 616 a
1224 532 1450 644 corporibus
1470 532 1683 640 secuudum
1712 530 1828 613 dotas

264 659 511 768 quoscunque
531 659 637 769 leges
663 648 857 742 attractis
875 655 1166 766 describendas,
1195 655 1251 738 ad
1277 673 1403 742 motus
1422 673 1621 768 corporum
1641 657 1826 766 plurium

264 781 376 862 inter
391 780 451 885 fe,
478 778 532 860 od
556 798 681 862 notus
710 797 912 891 corporum
931 780 974 862 in
1004 780 1146 862 mediis
1164 775 1440 887 reststentibus,
1472 775 1529 859 ad
1546 781 1673 876 vires,
1707 777 1826 886 deust·

265 917 373 986 tates
392 898 574 984 &motus
595 900 821 999 mediorum,
848 901 904 984 ad
919 901 1032 984 orbes
1050 917 1284 984 cometarum
1301 899 1343 986 {5
1355 899 1508 1008 stmilio
1521 900 1722 1010 spoliant,
1745 897 1825 982 edi-

266 1029 417 1134 tionem¹
430 1024 472 1103 in
491 1024 608 1108 aliud
625 1043 778 1138 tempus
799 1023 1151 1136 dffrcndom.effe
1161 1025 1331 1134 putavi,
1357 1043 1403 1107 ut
1424 1042 1568 1106 catera
1587 1024 1760 1106 rimarer
1782 1023 1826 1110 ὅ

267 1175 346 1230 uuo
370 1147 413 1228 in
423 1148 626 1257 publicum
646 1149 789 1234 darem.
847 1149 946 1268 Qua
964 1149 1020 1235 ad
1034 1167 1160 1234 motus
1175 1147 1338 1233 lunares
1344 1147 1530 1258 speciant
1561 1149 1818 1258 (imperfhlia

267 1301 353 1358 curn
402 1279 490 1384 snt)
532 1277 574 1357 in
604 1277 828 1360 corollariis
849 1272 1126 1386 proposttionis
1153 1271 1297 1361 LXVI
1323 1273 1446 1382 stmnl
1471 1273 1688 1382 complexus
1719 1279 1822 1380 stom,

268 1424 315 1480 ne
347 1399 480 1510 angulo
505 1397 679 1482 methodo
687 1399 912 1512 prolixiore
930 1425 1045 1510 quam
1057 1417 1132 1508 pro
1152 1402 1216 1485 rei
1237 1398 1435 1510 dignitate
1449 1411 1685 1508 proponere,
1711 1397 1753 1483 ot
1764 1396 1820 1504 fi-

263 1522 445 1634 gillotim
470 1520 726 1630 demonstrare
752 1539 924 1621 tenerer,
962 1523 1003 1610 &
1015 1524 1166 1634 ficiem
1192 1523 1438 1633 reliquorum
1446 1520 1747 1630 propositionum
1764 1527 1826 1606 in-

269 1661 528 1754 terrumpere:
583 1645 788 1730 Nonnulla
799 1649 890 1758 sero
914 1649 1080 1730 iuventa
1106 1647 1204 1730 locis
1228 1647 1357 1730 minus
1383 1645 1532 1729 idoneis
1558 1645 1731 1752 inficere
1747 1675 1826 1730 rna·

270 1772 342 1866 lui,
379 1797 495 1876 quarn
521 1773 722 1852 numerum
740 1770 1042 1881 proposttionurn
1073 1771 1115 1860 co
1148 1773 1358 1855 citationes
1381 1787 1550 1863 mutare.
1606 1764 1672 1850 Ut
1699 1774 1827 1858 omnia

271 1896 433 1982 candide
453 1897 651 2006 legantur,
682 1893 916 1999 &deficias
944 1899 987 1982 in
1013 1899 1184 1982 materia
1212 1914 1295 1980 tom
1315 1893 1471 2004 difficili
1489 1922 1562 1980 non
1584 1912 1667 1980 torn
1692 1915 1826 2008 repre.

271 2019 518 2118 isodomon,
562 2049 678 2134 quaen
702 2023 819 2105 novis
844 2023 1027 2111 loliorum
1048 2023 1251 2114 conatibus
1275 2020 1576 2134 investigentur,
1601 2019 1643 2110 δῦ
1669 2019 1826 2138 leno’gne

148 2241 154 2250 ⁸
264 2147 548 2256 stupplcontur,
575 2148 692 2233 enixe
713 2171 813 2258 rogo.
1170 2150 1175 2161 “

323 3093 462 3170 Dabam
479 3097 713 3194 Centobriglae,
728 3119 748 3170 e
765 3094 930 3194 collegio

374 3193 614 3290 Metuonis,
640 3194 729 3270 Maii
752 3191 785 3269 8.
810 3193 919 3270 1686.
