4312 5652
385 260 785 389 Principia
833 253 1433 354 iinrnniinrica.
1602 285 1694 365 177
1747 289 1753 299 ·

18 379 28 468 Ξ·
106 427 376 514 diminuetur
404 431 556 523 eadem,
591 426 619 509 si
650 426 755 509 ratio
781 424 846 508 illa
873 421 1093 507 decrescat.
1158 423 1248 530 Jam
1282 451 1381 509 vero
1409 427 1450 509 in
1483 421 1690 535 systemate
1735 421 1890 558 Plstyyye

18 511 28 655 f
108 553 416 664 corporumT,
446 553 501 648 P,
533 551 574 648 S,
602 550 672 634 ubi
692 550 843 660 apsides
873 549 980 631 orbis
1002 547 1137 630 PAB
1163 549 1252 630 sunt
1274 549 1314 631 in
1338 551 1604 662 quadraturis,
1631 576 1688 630 ra·
1766 521 1781 557 ιι
1892 541 1898 556 ’

18 684 25 798 Ι·
107 677 176 758 tio
200 679 270 761 illa
299 675 539 760 incrementi
568 702 614 758 ac
638 675 892 758 decrementi
919 673 1082 754 minima
1110 671 1179 767 est,
1209 672 1252 753 &
1282 675 1453 758 maxima
1472 675 1516 757 fit
1535 675 1605 774 ubi
1625 699 1693 782 ap·

18 799 22 842 ³
106 798 221 884 fides
250 801 343 884 sunt
361 801 402 884 in
424 799 609 908 syzygiis.
665 799 706 880 Si
726 797 877 908 apsides
896 796 1190 878 constituantur
1219 797 1260 880 iri
1288 800 1556 909 quadraturis,
1588 785 1710 880 ratio'

18 1019 21 1032 ,
104 947 252 1034 prope
273 923 426 1034 apsides
448 923 583 1004 minor
605 921 662 1003 est
688 919 730 1003 &
758 945 886 1030 prope
911 919 1086 1028 syzygias
1113 917 1238 1027 major
1261 947 1382 1032 quarn
1407 923 1609 1032 duplicata
1630 921 1692 1002 di—

18 1061 21 1072 '
105 1047 370 1142 stantiarum,
408 1045 450 1129 &
481 1073 534 1129 ex
564 1047 720 1130 ratione
748 1046 812 1129 illa
850 1043 992 1150 majori
1026 1044 1156 1125 oritur
1189 1049 1301 1153 augis
1336 1066 1473 1128 motus
1505 1045 1694 1138 direslus,

18 1155 20 1196 ²
104 1172 173 1253 uti
196 1170 286 1278 jam
306 1170 463 1253 disum
491 1169 558 1253 est.
616 1173 673 1252 At
702 1169 729 1252 fi
752 1167 1031 1251 consideretur
1055 1167 1159 1248 ratio
1184 1167 1429 1252 incrementi
1461 1173 1524 1253 vel
1549 1170 1691 1253 decre·

18 1313 19 1326 *
104 1295 254 1374 menti
282 1293 407 1374 totius
436 1293 476 1374 in
504 1287 714 1401 progressu
742 1291 848 1373 inter
880 1285 1046 1397 apsides,
1090 1288 1178 1369 haec
1209 1291 1343 1371 minor
1386 1291 1442 1372 est
1468 1317 1590 1402 quain
1617 1287 1714 1372 du-v

106 1417 275 1524 plicata
295 1414 583 1500 distantiarum.
640 1413 715 1498 Vis
736 1418 777 1497 iri
807 1412 940 1523 apside
960 1413 1040 1494 ima
1059 1411 1116 1494 est
1135 1412 1186 1494 ad
1206 1413 1292 1510 vim
1316 1414 1358 1496 iii
1386 1413 1520 1524 apside
1541 1417 1695 1499 summa

105 1540 155 1621 iii
186 1542 353 1624 minore
378 1565 500 1652 quain
528 1539 731 1648 duplicata
758 1539 916 1620 ratione
942 1536 1138 1620 distantiae
1164 1536 1307 1646 apfidis
1336 1538 1500 1623 summae
1534 1539 1584 1624 ab
1605 1565 1693 1624 um-

106 1664 248 1748 bilico
280 1665 462 1776 ellipseos
494 1665 544 1746 ad
580 1664 807 1746 distantiam
839 1660 982 1772 apsidis
1013 1661 1106 1742 imae
1134 1662 1184 1743 ab
1214 1663 1364 1746 eodem
1390 1665 1616 1750 umbilico:
1646 1665 1692 1748 δε

107 1809 282 1887 contra,
317 1788 388 1873 ubi
420 1789 572 1898 apsides
600 1788 901 1871 constituuntur
925 1787 967 1869 in
996 1783 1179 1899 syzygiis,
1206 1787 1264 1870 vis
1293 1788 1333 1871 in
1365 1789 1498 1898 apside
1529 1791 1609 1872 ima
1634 1789 1693 1874 est

108 1911 165 1992 ad
185 1914 274 1997 vim
295 1915 335 1996 iii
356 1911 491 2022 apside
511 1911 666 1996 summa
685 1910 727 1993 iri
747 1909 899 2016 majore
929 1933 1051 2022 quam
1079 1907 1282 2015 duplicata
1309 1911 1466 1995 ratione
1490 1911 1693 1996 distantia-

109 2060 227 2118 rum.
284 2033 391 2116 Nam
421 2034 526 2118 vires
559 2031 667 2112 LM
701 2032 743 2113 in
778 2030 1034 2141 quadraturis
1069 2031 1221 2115 additae
1257 2033 1408 2115 viribus
1441 2036 1624 2146 corporis
1659 2031 1701 2115 T

111 2175 382 2268 componunt
403 2157 508 2240 vires
528 2155 571 2236 in
591 2155 748 2236 ratione
769 2154 942 2248 minore,
970 2153 1012 2234 δι
1033 2153 1138 2242 vires
1165 2153 1211 2233 K
1222 2153 1262 2236 L
1281 2155 1322 2237 in
1347 2155 1517 2266 syzygiis
1546 2155 1695 2240 subdu·

112 2283 197 2367 &ae
214 2311 236 2367 a
255 2282 407 2365 viribus
428 2281 612 2390 corporis
631 2275 671 2358 T
682 2279 917 2390 relinquunt
933 2276 1039 2361 vires
1064 2279 1107 2362 in
1128 2279 1286 2362 ratione
1305 2279 1471 2389 majore.
1528 2277 1598 2364 Est
1617 2282 1693 2392 igi·

112 2431 187 2493 tur
211 2407 318 2491 ratio
337 2405 591 2492 decrementi
618 2402 661 2485 &
691 2403 935 2486 incrementi
961 2404 1099 2501 totius,
1133 2405 1176 2488 iri
1205 2405 1370 2490 transrtu
1400 2409 1507 2492 inter
1528 2409 1692 2521 apsides,

112 2534 290 2614 minima
310 2532 351 2614 in
369 2527 638 2641 quadraturis,
667 2525 842 2609 maxima
869 2525 912 2608 in
930 2524 1124 2636 syzygiis:
1168 2525 1211 2609 &
1230 2549 1447 2639 propterea
1465 2530 1508 2614 iii
1527 2533 1693 2616 transitu

113 2657 347 2767 apsiduma
373 2652 628 2765 quadraturis
656 2650 707 2734 ad
734 2649 911 2760 syzygias
939 2673 1141 2761 perpetuo
1167 2677 1352 2761 augetur,
1388 2673 1593 2768 augetque
1620 2681 1690 2743 eii.

96 2781 423 2866 ,centricitatem
444 2777 655 2886 ellipseos;
683 2775 809 2885 inque
830 2775 995 2859 transitu
1013 2803 1035 2859 a
1056 2776 1225 2887 syzygiis
1245 2777 1296 2860 ad
1317 2779 1581 2893 quadraturas
1600 2807 1690 2894 pet·

114 2928 252 3019 petuo
273 2903 528 2998 diminuitur,
556 2900 598 2984 &
614 2899 968 2985 excentricitatem
988 2901 1191 2987 diminuit.

180 3033 307 3117 Coros.
332 3057 390 3113 10.
422 3025 480 3111 Ut
495 3029 697 3112 rationem
715 3027 896 3111 ineamus
912 3042 1099 3116 errorum
1123 3031 1165 3114 in
1190 3030 1463 3129 latitudinem,
1491 3033 1689 3142 fingamus

115 3163 287 3271 planum
306 3156 416 3240 orbis
438 3153 479 3234 E
489 3154 571 3237 ST
583 3153 796 3236 immobile
812 3177 976 3238 manere
997 3191 1008 3251 ;
1039 3153 1081 3237 &
1097 3181 1150 3240 ex
1171 3181 1360 3240 errorum
1380 3157 1560 3266 exposita
1576 3159 1692 3244 causa

115 3282 376 3367 manifestum
395 3279 465 3372 est,
493 3276 606 3387 quod
624 3303 677 3357 ex
692 3276 843 3356 viribus
863 3275 914 3354 N
917 3277 982 3371 M,
1014 3277 1126 3374 ML,
1145 3304 1237 3389 quae
1259 3278 1348 3362 sunt
1366 3278 1481 3363 causa
1506 3282 1570 3363 illa
1591 3302 1692 3384 tota,

115 3407 182 3488 vis
206 3399 308 3480 ML
333 3397 494 3504 agendo
521 3397 678 3504 semper
710 3393 933 3477 secundum
960 3397 1125 3506 planum
1158 3399 1266 3482 orbis
1297 3401 1443 3496 PAB,
1483 3426 1691 3515 nunquam

114 3523 334 3641 perturbat
355 3539 492 3603 motus
522 3525 562 3602 iri
591 3515 875 3611 latitudinem
906 3518 1104 3630 quodque
1131 3521 1190 3604 vis
1218 3519 1272 3601 N
1277 3522 1343 3619 M,
1370 3522 1441 3606 ubi
1466 3523 1567 3608 nodi
1597 3526 1688 3612 surit

115 3658 161 3740 in
183 3649 366 3760 syzygiis,
395 3644 555 3755 agendo
588 3643 710 3726 etiam
741 3639 964 3726 seeundum
996 3644 1108 3728 idem
1133 3645 1243 3730 orbis
1273 3648 1449 3757 planum,
1492 3674 1574 3734 non
1594 3677 1688 3762 per·

116 3777 256 3862 turbat
276 3776 349 3856 hos
370 3790 505 3855 motus
526 3805 537 3864 ;
565 3766 635 3850 ubi
656 3791 756 3850 vero
783 3763 872 3848 surit
892 3767 934 3849 ln
958 3767 1228 3879 quadraturis,
1250 3797 1320 3854 eos
1337 3773 1511 3855 maxime
1531 3796 1688 3883 pertur-

117 3901 204 3994 bat,
232 3894 456 4006 corpusque
477 3893 520 3974 P
544 3890 597 3974 de
625 3891 745 4000 plano
774 3889 884 3972 orbis
908 3889 967 3973 sui
993 3910 1195 4000 perpetuo
1223 3895 1436 3991 trahendo,
1464 3897 1610 3982 minuit
1629 3901 1689 3984 in·

118 4026 382 4108 clinationem
411 4017 517 4126 plani
538 4014 765 4100 intransitu
793 4016 978 4124 corporis
998 4041 1019 4096 a
1038 4015 1293 4126 quadraturis
1318 4019 1369 4101 ad
1402 4018 1591 4129 syzygias,
1619 4047 1689 4104 au-

118 4167 274 4257 getque
307 4139 475 4223 vicissim
498 4137 671 4222 eandem
699 4137 739 4219 in
764 4134 971 4220 transitua
1003 4135 1172 4245 syzygiis
1198 4139 1250 4220 ad
1268 4139 1544 4250 quadraturas.
1600 4139 1687 4234 Uti·

121 4273 174 4354 de
192 4271 238 4352 lit
261 4287 305 4351 ut
325 4289 502 4374 corpore
528 4263 569 4346 iii
595 4260 764 4372 syzygiis
783 4259 980 4344 existente
1000 4261 1210 4344 inclinatio
1231 4263 1373 4347 evadat
1400 4266 1584 4348 omnium
1611 4269 1686 4352 mi·

121 4396 243 4489 nima,
273 4390 496 4500 redeatque
518 4386 569 4470 ad
597 4389 777 4496 priorem
806 4384 1132 4492 magnitudinem
1161 4388 1344 4483 circiter,-
1367 4388 1435 4470 ubi
1460 4413 1609 4499 eorpus
1634 4392 1688 4477 ad

121 4515 279 4598 nodum
307 4512 542 4623 proximum
564 4509 737 4592 accedit.
795 4511 854 4590 At
883 4507 1037 4592 sinodi
1065 4509 1357 4592 constituantur
1387 4511 1431 4592 iri
1461 4507 1688 4599 otiantibus

121 4635 211 4744 poll
229 4636 504 4745 quadraturas,
532 4631 575 4713 id
597 4630 666 4726 est,
693 4631 800 4713 inter
820 4629 857 4712 C
870 4628 913 4711 δε
929 4631 981 4724 A,
1008 4630 1060 4710 D
1075 4627 1117 4710 dc
1135 4628 1188 4726 B,
1216 4630 1463 4738 intelligetur
1483 4658 1536 4716 ex
1556 4635 1685 4718 modo

121 4757 327 4867 expolitis,
354 4755 483 4868 quod,
510 4755 553 4838 in
585 4751 749 4836 transitu
778 4751 962 4862 corporis
983 4749 1025 4830 i>
1045 4778 1066 4834 a
1086 4750 1200 4842 nodo
1226 4753 1422 4835 alterutro
1442 4753 1492 4837 ad
1514 4755 1687 4864 gradum

120 4883 217 4970 iude
243 4879 560 4991 nonagesimum,
597 4875 807 4962 inclinatio
830 4875 936 4984 plani
963 4893 1165 4986 perpetuo
1197 4875 1423 4973 minuitur;
1464 4875 1615 4960 deinde
1644 4878 1687 4960 in

802 5003 887 5096 ,A
915 5026 939 5084 a
1522 4995 1689 5085 transitu
