4352 5646
469 175 868 305 PRINCIPIA
914 175 1507 291 MATHEMATICA.
1670 211 1770 306 427

198 355 265 442 Sic
285 353 533 466 experientia
557 370 815 464 compertum
835 353 903 452 est,
931 355 1047 468 quod
1068 355 1182 440 aestus
1204 357 1390 441 matutini
1408 378 1595 468 tempore
1623 357 1811 504 hyber-T
1823 365 1948 423 urm

198 506 256 566 no
275 477 461 589 superent
482 477 732 589 vespertinos
760 477 802 560 δι
830 478 1069 592 verspertini
1091 501 1278 592 tempore
1299 482 1436 564 aellivo
1465 484 1698 578 matutinos,
1717 479 1769 564 ad

203 601 464 710 Plymuthum
487 599 658 713 quidem
685 601 900 686 altitudine
918 603 1027 716 quast
1048 603 1164 713 pedis
1190 606 1320 702 unius,
1348 603 1396 688 ad
1421 603 1650 712 Bristoliam
1669 630 1769 688 vero

200 725 415 811 altitudine
442 724 681 838 quindecim
707 723 964 836 digitorum:
1005 724 1308 814 observantibus
1332 727 1555 838 Colepreffio
1582 727 1626 813 dc
1654 729 1771 812 stur·

197 877 285 934 maa.

254 969 402 1057 Motus
422 991 559 1056 autem
587 969 777 1056 hallenus
800 970 993 1086 descripti
1027 993 1237 1060 mutantur
1262 975 1554 1088 aliquantulum
1582 999 1656 1085 per
1682 974 1768 1058 vim

200 1094 307 1181 illam
341 1096 675 1207 reciprocationis
707 1121 916 1208 aquarum,
954 1121 1035 1209 qua
1068 1102 1187 1185 maris
1214 1099 1344 1196 aestus,
1378 1101 1502 1184 etiam
1527 1097 1767 1184 cessantibus

210 1219 458 1305 uminatium
477 1216 714 1315 adlionibus,
746 1217 873 1329 posset
895 1220 1142 1332 aliquamdiu
1168 1220 1437 1335 perseverare.
1494 1221 1764 1308 Conservatio

200 1343 340 1428 haecce
363 1363 499 1428 motus
527 1339 706 1453 impressi
736 1343 885 1427 minuit
910 1339 1184 1430 differentiam
1215 1345 1381 1430 aestuum
1415 1347 1691 1444 alternorum
1720 1344 1766 1429 dc

200 1466 315 1552 aestus
341 1467 529 1580 proxime
556 1465 646 1576 post
676 1465 854 1576 syzygias
880 1467 1052 1576 majores
1078 1465 1232 1566 reddit,
1273 1468 1424 1582 eosque
1453 1469 1642 1579 proxime
1675 1468 1766 1578 post

198 1591 462 1706 quadraturas
481 1590 639 1676 minuit.
696 1587 820 1674 Unde
837 1588 883 1675 stt
904 1610 949 1675 ut
969 1591 1083 1677 aellus
1098 1593 1240 1678 alterni
1259 1593 1310 1678 ad
1331 1593 1591 1703 Plymuthum
1610 1592 1652 1678 dc
1666 1593 1766 1675 Bri·

187 1715 346 1828 stollam
364 1743 448 1803 non
463 1717 595 1802 multo
614 1714 741 1826 magis
772 1711 963 1802 differant
986 1717 1036 1802 ab
1055 1717 1232 1802 invicem
1254 1744 1377 1831 quam
1408 1718 1621 1805 altitudine
1646 1717 1766 1829 pedis

197 1842 315 1928 unius
344 1840 408 1923 vel
437 1839 664 1947 digitorum
691 1839 962 1977 quindecim·;
1004 1863 1133 1952 utque
1163 1839 1276 1925 aellus
1313 1842 1499 1927 omnium
1524 1842 1690 1927 maximi
1720 1840 1764 1926 in

198 1962 343 2052 iisdem
363 1962 575 2074 portubus,
602 1987 687 2047 non
708 1962 782 2047 stnt
810 1961 932 2074 primi
958 1958 1184 2074 asyzygiis,
1211 1960 1282 2048 sed
1304 1964 1427 2048 tertii.
1483 1963 1764 2049 Retardantur

200 2087 325 2172 etiarn
351 2105 487 2174 motus
519 2110 661 2170 omnes
690 2083 733 2169 in
762 2084 928 2171 transtu
1012 2112 1032 2169 r
1066 2086 1182 2184 vada,
1222 2085 1327 2172 adeo
1357 2107 1405 2174 ut
1431 2088 1545 2174 aellus
1577 2089 1763 2174 omnium

197 2209 379 2305 maximi,
405 2208 579 2293 instetis
609 2203 850 2319 quibusdam
877 2207 920 2289 δι
945 2109 1041 2291 siiiv‘
978 2209 1168 2292 uviorum
1194 2207 1316 2305 ostiis,
1345 2208 1420 2296 stnt
1447 2211 1581 2326 quarti
1600 2214 1665 2298 vel
1684 2211 1762 2295 eti·

196 2358 263 2418 ant
283 2333 416 2448 quinti
434 2359 456 2417 a
474 2330 656 2442 syzygiis

251 2455 385 2543 Porro
404 2454 495 2541 fieri
511 2453 645 2566 potest
665 2472 712 2538 ut
732 2451 847 2538 aestus
868 2471 1116 2566 propagetur
1143 2453 1193 2538 ab
1218 2479 1375 2540 oceano
1401 2481 1474 2567 pet
1498 2455 1601 2544 freta
1626 2458 1762 2545 diver·

195 2581 235 2668 sa
253 2582 305 2667 ad
329 2581 507 2668 eundem
533 2599 715 2692 portum,
745 2575 789 2662 dc
817 2577 937 2663 citius
960 2576 1131 2664 transeat
1153 2571 1226 2690 pet
1262 2579 1392 2692 aliqua
1414 2582 1517 2666 freta
1543 2608 1665 2697 quam
1687 2608 1762 2694 per

195 2705 296 2811 alia:
325 2729 411 2816 quo
436 2703 478 2788 in
497 2702 587 2788 casu
608 2701 723 2786 aellus
748 2698 875 2796 idem,
902 2700 944 2784 in
964 2697 1068 2785 duos
1095 2702 1161 2784 vel
1187 2703 1321 2815 plures
1348 2702 1574 2789 succeffive·
1598 2705 1762 2791 adveni·

195 2846 309 2913 entes
328 2823 491 2924 divisus,
517 2848 767 2934 componete
793 2820 916 2934 poffit
943 2841 1080 2907 motus
1114 2847 1245 2907 novos
1270 2821 1524 2910 diversorum
1549 2850 1760 2936 generum.

193 2945 411 3060 Fingamus
430 2947 544 3032 aellus
562 2948 667 3034 duos
692 2947 865 3062 aequales
885 2973 907 3030 a
927 2944 1092 3030 diversis
1109 2945 1210 3030 locis
1237 2947 1279 3033 in
1303 2946 1482 3032 eundem
1503 2970 1670 3060 portum
1689 2980 1760 3039 ve·

193 3071 299 3171 nire,
326 3095 503 3185 quorum
523 3069 637 3182 prior
665 3068 871 3180 ptaecedat
897 3068 1070 3152 alterum
1101 3065 1230 3178 spatio
1261 3069 1452 3153 horarum
1477 3068 1559 3169 sex,
1586 3072 1761 3161 incidat·

191 3221 275 3310 que
295 3194 337 3282 in
352 3195 495 3280 horam
510 3193 671 3281 tertiam
685 3192 734 3276 ab
747 3189 912 3303 appulsu
930 3192 1037 3277 lunae
1058 3187 1111 3273 ad
1133 3188 1403 3276 meridianum
1423 3209 1578 3301 portus.
1635 3195 1677 3281 Si
1698 3201 1758 3284 lu·

193 3318 306 3404 nain
324 3317 456 3401 hocce
475 3316 548 3403 suo
572 3316 621 3400 ad
642 3314 913 3400 meridianum
941 3311 1105 3423 appulsu
1126 3309 1385 3396 versabatur
1374 3339 1417 3400 tn
1439 3333 1659 3425 aequatore,
1686 3348 1759 3408 ve-

193 3439 310 3525 nient
334 3435 494 3547 srngulis
512 3437 621 3522 horis
643 3435 744 3522 senis
763 3437 934 3550 aequales
951 3433 1136 3532 affluxus,
1163 3435 1235 3546 qui
1254 3431 1297 3520 in
1315 3455 1479 3520 mutuos
1500 3437 1710 3526 refluxus
1699 3471 1760 3532 ιιι

190 3561 377 3649 cidendo
401 3559 569 3647 eosdem
591 3559 805 3647 affluxibus
833 3560 1064 3673 aequabunt,
1092 3557 1134 3643 δι
1161 3559 1215 3642 fic
1234 3559 1362 3669 spatio
1388 3559 1472 3644 diei
1497 3559 1602 3646 illius
1630 3561 1759 3648 effici·

192 3705 265 3772 ent
287 3706 332 3771 ut
346 3709 450 3798 aqua
474 3685 687 3798 tranquille
713 3683 877 3794 flagret.
935 3682 977 3768 Si
997 3685 1091 3801 luna
1117 3699 1214 3766 tunc
1246 3681 1474 3768 declinabat
1502 3684 1552 3767 ab
1580 3705 1758 3798 aequato-

191 3835 253 3906 te,
279 3808 378 3895 fient
399 3806 514 3895 aestus
533 3808 577 3892 in
597 3797 754 3894 oceano
772 3807 926 3892 vicibus
956 3805 1118 3892 alternis
1137 3803 1307 3914 majores
1335 3804 1378 3889 dc
1397 3808 1591 3908 minores,
1617 3811 1676 3893 uti
1697 3810 1757 3896 di·

192 3929 304 4017 etum
323 3932 413 4028 est;
442 3931 602 4016 &inde
623 3931 952 4045 propagabuntut
978 3931 1020 4015 in
1047 3929 1156 4015 hunc
1182 3949 1348 4039 portum
1377 3929 1545 4017 affluxus
1565 3933 1648 4018 bini
1676 3961 1758 4020 ma·

188 4055 300 4173 joret
322 4053 364 4138 &
385 4055 470 4140 bini
497 4057 687 4152 minores,
715 4057 870 4140 vicibus
886 4055 1061 4140 alternis.
1115 4053 1304 4139 Affluxus
1322 4074 1459 4140 autem
1479 4056 1563 4140 bini
1585 4055 1756 4164 majores

192 4197 446 4291 component
462 4203 607 4290 aquam
625 4177 852 4263 altisstmam
872 4179 915 4262 in
931 4175 1072 4262 medio
1091 4177 1198 4261 inter
1217 4198 1451 4291 utrumque,
1480 4177 1648 4264 affluxus
1675 4205 1757 4265 ma·

189 4311 256 4420 jor
282 4305 326 4390 δι
349 4304 485 4390 minor
508 4302 629 4388 saciet
652 4323 698 4388 ut
725 4329 827 4417 aqua
856 4301 1043 4388 ascendat
1070 4301 1121 4386 ad
1151 4301 1404 4387 mediocrem
1432 4301 1688 4387 altitudinem
1711 4305 1755 4391 in

192 4433 335 4516 medio
354 4428 549 4541 ipsorum,
577 4425 743 4512 &inter
761 4427 930 4513 affluxus
953 4429 1069 4513 binos
1090 4426 1268 4510 minores
1300 4451 1401 4538 aqua
1420 4421 1609 4511 ascendet
1629 4426 1679 4510 ad
1701 4428 1756 4511 al·

194 4551 414 4636 titudinem
439 4549 661 4634 minimam.
718 4549 786 4634 Sic
807 4549 936 4660 spatio
954 4549 1099 4659 viginti
1122 4564 1298 4686 quatuor
1320 4548 1525 4644 horarum,
1553 4572 1654 4659 aqua
1672 4572 1757 4633 non

193 4673 256 4758 bis
276 4691 321 4755 ut
340 4671 429 4755 fieti
453 4671 568 4772 solet,
594 4672 665 4758 sed
693 4670 817 4757 semel
844 4692 1002 4758 tantum
1032 4671 1243 4782 perveniet
1270 4671 1320 4757 ad
1344 4670 1560 4756 maximam
1579 4668 1757 4752 altitudi-

191 4819 289 4951 nem
310 4791 490 4918 &semel
509 4795 560 4884 ad
562 4795 844 4935 minimam,
852 4795 897 4884 &
923 4797 1098 4883 altitudo
1125 4798 1326 4898 maxima,
1340 4795 1369 4881 sr
1394 4797 1486 4881 luna
1516 4791 1723 4878 declinat
1713 4818 1756 4876 ιιι

915 4918 1055 5008 '1112
1146 4918 1151 4933 ’
1613 4915 1754 5028 polum

1784 444 1985 504 ΤΕΗΗΗ.
