4344 5648
410 278 509 376 330
675 243 1208 342 nuttosotutn
1244 236 1709 342 Nnruuatts

200 409 396 555 {cmlv
408 438 491 526 que
519 441 620 528 aqua
647 415 712 500 illa
739 413 906 502 effluens
935 413 1195 498 velocitatem
1224 412 1346 496 habet
1382 409 1575 496 deorsum
1597 412 1639 496 in
1667 409 1754 524 ipso
1775 409 1973 500 foramine

410 568 531 654 quam
555 569 678 652 grave
706 540 894 626 cadendo
920 537 962 622 dc
981 538 1072 622 cafu
1092 539 1163 622 fuo
1186 535 1459 622 describendo
1478 535 1692 621 dimidiam
1718 535 1974 624 altitudinem

406 691 523 780 aquae
552 670 593 752 in
626 668 715 751 vafe
739 668 952 776 stagnantis
983 665 1194 776 acquirere
1223 660 1355 771 potest
1381 663 1705 774 quamproxime.
1762 661 1845 746 Sed
1872 665 1975 774 poll·

406 819 528 906 quam
549 795 676 876 exivit
703 819 754 875 ex
782 790 884 888 vase,
912 791 1161 874 acceleratur
1186 785 1482 894 convergendo
1510 786 1646 872 donee
1674 787 1724 870 ad
1749 787 1973 872 distantiam

408 921 657 1012 aforamine
682 916 887 1015 diametro
918 913 1125 998 foraminis
1157 937 1286 1024 prope
1319 911 1515 1024 aequalem
1555 914 1800 1022 pervenerit,
1838 911 1881 997 &
1908 939 1976 996 ve·

407 1045 616 1128 locitatem
645 1041 900 1153 acquisiverit
933 1036 1129 1145 majorem
1167 1036 1208 1120 in
1249 1034 1406 1118 ratione
1434 1033 1711 1146 subduplicata
1740 1035 1886 1121 binarii
1926 1035 1976 1120 ad

407 1170 606 1255 unitatem
625 1167 819 1260 circitera
848 1189 971 1275 quam
998 1163 1140 1275 utique
1160 1187 1282 1270 grave
1307 1158 1513 1257 cadendo,
1550 1161 1593 1244 dt
1618 1159 1710 1244 casu
1737 1164 1810 1245 luo
1830 1158 1976 1246 deferi-

409 1293 547 1380 bendo
575 1313 705 1379 totam
736 1289 993 1375 altitudinem
1021 1311 1137 1401 aquae
1164 1289 1206 1371 in
1234 1283 1323 1370 vafe
1349 1281 1577 1394 stagnantis,
1611 1288 1822 1398 acquirere
1846 1285 1979 1398 potest

408 1418 731 1534 quamproxime.

463 1543 507 1629 ln
528 1541 786 1657 sequentibus
810 1539 935 1649 igitur
966 1535 1166 1620 diameter
1186 1557 1303 1620 venae
1323 1532 1557 1642 defignetur
1583 1527 1656 1645 per
1675 1531 1860 1620 foramen
1877 1535 1976 1618 illud

409 1667 540 1754 minus
573 1665 688 1780 quod
721 1665 956 1748 vocavimus
984 1655 1075 1741 EF.
1144 1653 1199 1742 Er
1230 1657 1351 1768 plano
1388 1655 1597 1743 foraminis
1629 1655 1714 1738 EF
1746 1658 1978 1768 parallelum

410 1791 507 1878 duci
538 1792 784 1900 intelligatur
813 1787 976 1896 planum
997 1781 1106 1867 aliud
1127 1781 1307 1892 superius
1325 1779 1425 1868 VW
1450 1781 1500 1864 ad
1529 1778 1754 1864 distantiam
1776 1781 1978 1867 diametro

408 1910 618 2005 foraminis
658 1911 856 2024 aequalem
903 1904 1155 1992 circiter·&
1192 1905 1394 1992 foramine
1436 1905 1590 2014 majore
1631 1903 1715 1990 ST
1741 1909 1986 2020 pertusum3¹

410 2063 483 2150 per
503 2036 618 2152 quod
638 2036 781 2148 utique
808 2058 910 2116 vena
941 2029 1074 2127 cadat,
1112 2053 1205 2142 quae
1241 2029 1451 2144 adequare
1477 2029 1643 2142 impleat
1669 2029 1854 2118 foramen
1881 2033 1946 2118 inf
1967 2081 1979 2101 ·

411 2163 494 2248 rius
517 2161 612 2260 EF,
638 2182 761 2273 atque
780 2157 878 2242 ideo
900 2153 1012 2264 cujus
1035 2152 1235 2238 diameter
1249 2152 1296 2237 stt
1317 2153 1369 2238 ad
1387 2151 1864 2241 diametrumforaminis
1881 2159 1978 2244 infe'·

411 2287 532 2375 rioris
561 2307 606 2368 ut
636 2315 687 2388 25
713 2283 765 2368 ad
798 2311 843 2362 ar
875 2279 1053 2363 circiter.
1118 2275 1185 2360 Sic
1220 2277 1330 2361 enim
1365 2303 1467 2364 vena
1495 2302 1568 2387 per
1594 2275 1778 2370 foramen
1813 2274 1981 2368 inferius

411 2408 806 2522 perpendiculariter
831 2400 1047 2498 tranftbit;
1079 2399 1123 2482 dc
1155 2401 1355 2512 quantitas
1383 2425 1497 2512 aquae
1526 2397 1742 2500 effluentis,
1770 2429 1845 2514 pro
1874 2433 1979 2520 mag:

412 2534 602 2621 nitudine
628 2529 837 2617 foraminis
862 2523 992 2634 hujus,
1021 2549 1070 2606 ea
1088 2523 1167 2606 erit
1195 2550 1316 2634 quam
1345 2521 1492 2608 solutio
1520 2523 1781 2634 problematis
1805 2529 1979 2638 poll'ul'at

411 2656 735 2773 quamproxime.
791 2651 974 2763 Spatium
996 2674 1111 2744 vero,
1137 2646 1255 2760 quod
1279 2647 1404 2759 planis
1423 2645 1583 2731 duobus
1612 2647 1660 2750 dt¹
1683 2677 1780 2735 vena
1803 2652 1993 2740 cadente.

411 2783 630 2878 clauditur,
659 2804 734 2889 pro
755 2776 893 2861 fundo.
908 2771 1005 2856 vafts
1025 2771 1166 2854 haberi
1186 2771 1329 2890 potest.
1385 2769 1466 2854 Sed
1487 2790 1532 2853 ut
1551 2771 1699 2859 solutio
1720 2775 1982 2888 problematis

411 2900 698 3015 simpliciorfrt
718 2897 762 2982 δι
782 2895 907 3006 magis
934 2892 1233 2988 mathematica.
1263 2893 1420 3005 praellat
1448 2892 1643 2980 adbibere
1666 2899 1833 3010 planum
1853 2897 1994 2988 folum

409 3027 578 3118 iuferius
606 3019 843 3136 profundo
872 3017 1055 3114 valis&
1086 3017 1240 3126 lingere
1269 3019 1382 3131 quod

410 3180 514 3268 aqua
532 3173 625 3264 quae
642 3173 716 3258 per
742 3145 913 3256 glaciem
941 3168 1018 3228 ceu
1045 3167 1118 3252 per
1142 3141 1374 3228 infundibu-
1447 3141 1937 3258 llfflmgfflmjg

410 3282 495 3371 lum
516 3271 739 3370 defluebat,
766 3268 853 3357 &e
882 3269 970 3355 vase
994 3269 1275 3382 perforamen
1296 3273 1382 3356 EF
1407 3263 1449 3334 Α
1693 3261 1696 3267 ’
1921 3259 1926 3268 ’
1971 3275 1977 3282 ’

409 3405 452 3492 in
473 3394 801 3516 planoinferiore
820 3394 967 3480 fafium
983 3397 1279 3510 egrediebatur,
1292 3425 1378 3486 mo·

411 3527 629 3618 tumfuuru
656 3542 856 3638 perpetuo
870 3521 1015 3618 fervet,
1042 3518 1087 3606 δε
1104 3523 1252 3631 glacies
1264 3526 1376 3637 quie-

410 3673 495 3736 tem
525 3645 646 3730 fuam.
705 3643 1040 3758 Insequentibus
1074 3643 1198 3754 igitur
1225 3645 1276 3730 stt.
1301 3647 1336 3732 S
1344 3650 1385 3734 T

412 3773 612 3862 diameter
631 3765 839 3852 foraminis
863 3766 1068 3850 circularis
1086 3786 1231 3853 centro
1250 3771 1298 3856 Z
1306 3773 1381 3858 de·

411 3893 557 4007 scripti
576 3917 649 4004 per
677 3888 792 4003 quod
820 3887 1015 3973 catarafla
1046 3887 1175 3978 effluit
1202 3920 1263 3980 ex
1289 3899 1382 3988 vase.

393 4020 480 4110 -ubl
495 4045 597 4133 aqua
616 4033 711 4102 tota
721 4013 867 4136 invase
886 4011 1013 4100 fluida
1032 4013 1101 4100 est.
1157 4013 1214 4104 Et
1235 4019 1280 4107 stt
1295 4021 1384 4110 EF
1414 4069 1443 4142 ρ

411 4145 608 4235 diameter
628 4137 834 4226 foraminis
861 4163 933 4248 per
951 4138 1067 4251 quod
1094 4143 1300 4230 catarafla-
1314 4175 1380 4236 ca·

413 4267 553 4353 dendo
579 4263 791 4378 adequare
815 4260 964 4360 transn,
991 4261 1072 4348 srve
1091 4289 1335 4382 aquaexeat
1364 4303 1418 4368 ex
1445 4279 1539 4368 vale.
1560 4285 1639 4396 per
1664 4279 1851 4369 foramen
1878 4283 1988 4369 illud

412 4387 598 4505 superius,
613 4385 704 4483 ST.
726 4383 805 4468 frve
828 4384 946 4468 cadat
965 4408 1039 4494 per
1068 4388 1251 4476 medium
1271 4393 1414 4502 glaciei
1438 4403 1588 4490 invase
1616 4422 1809 4519 tanquam
1829 4407 1979 4519 perin·
2150 4481 2151 4506 ἱ

413 4510 697 4610 fundibulum..
742 4505 796 4595 Et
819 4509 866 4596 lit
892 4509 1097 4600 diameter,
1111 4513 1319 4606 foraminis
1334 4523 1548 4636 superioris
1565 4528 1644 4614 tt
1660 4531 1712 4616 ad
1733 4506 1989 4618 diametrum
2150 4507 2151 4510 Ὺ

413 4627 617 4724 inferioris
648 4635 742 4720 EF
764 4657 809 4722 ut
833 4665 890 4742 25,
908 4633 959 4721 ad
985 4665 1032 4722 21
1059 4639 1236 4740 circiier‚
1275 4644 1318 4733 δι
1342 4649 1898 4766 distantiaperpendicularis
1921 4658 1980 4744 in·

413 4783 477 4858 ter
510 4763 626 4873 plana
657 4760 903 4850 foraminum
935 4763 1097 4875 aequalis
1126 4765 1173 4850 frt
1200 4765 1650 4868 diametroforatuini's·
1675 4783 1844 4869 minoris
1878 4783 1923 4865 E
1931 4781 1983 4879 F.

413 4879 468 4998 Er
499 4885 694 4976 velocitas
715 4911 831 5001 aquae
861 4885 994 4975 evase
1020 4913 1094 5000 per
1125 4889 1311 4982 foramen
1338 4895 1420 4985 ST
1435 4903 1621 4994 exeuntis
1647 4906 1801 4994 eterit
1824 4906 1868 4992 in
1893 4907 1984 5020 ipso

1780 5027 1981 5116 foramine
