4352 5646
427 265 522 388 428
693 263 1225 364 nntuosouutn
1261 257 1713 362 untunntts

211 429 397 570 mm
425 437 563 544 polum
587 435 702 544 supra
728 437 986 520 horizontem
1007 436 1106 534 loci,
1134 434 1287 520 incidet
1316 435 1356 518 in
1388 433 1530 518 horam
1562 433 1625 514 vel
1652 433 1805 560 lentam
1832 431 1898 515 vel
1919 431 1994 516 tti-

423 559 610 642 celimam
629 559 678 642 ab
704 560 866 669 appulsu
885 560 990 644 lunae
1019 559 1070 642 ad
1099 559 1380 654 meridianum,
1408 579 1529 670 atque
1557 559 1649 640 luna
1673 557 2002 642 declinationem

425 703 607 766 mutante
638 680 859 768 mutabitur
886 685 929 769 in
955 683 1180 768 defluxum.
1247 685 1438 796 Quorum
1472 683 1656 766 omnium
1685 684 1917 792 exemplum
1946 683 1995 766 iu

423 828 545 914 portu
570 811 684 918 regni
713 812 912 922 Tunquini
942 809 994 893 ad
1026 802 1217 912 Batsbam
1252 810 1323 893 sub
1351 807 1563 892 latitudine
1590 807 1743 891 boreali
1778 827 1881 888 zoe.
1906 805 1991 908 5o'ss

425 927 618 1012 Halleius
639 959 693 1016 ex
710 957 921 1017 nautarum
940 930 1286 1022 observationibus
1311 929 1515 1040 patefecit.
1571 927 1630 1013 lbi
1649 955 1751 1040 aqua
1765 928 1832 1013 die
1854 927 1996 1014 tranli-

426 1067 513 1136 tum
539 1057 643 1140 lunae
663 1083 735 1167 pet
754 1079 1005 1170 aequatorem
1028 1054 1221 1166 sequente
1243 1053 1408 1162 stagnat,
1436 1053 1532 1138 dein
1553 1055 1645 1138 luna
1665 1055 1716 1137 ad
1737 1055 1905 1139 boream
1923 1053 1994 1137 dc-

427 1175 602 1260 clinante
623 1179 765 1288 incipit
785 1179 913 1262 fluere
936 1177 979 1262 &
1009 1177 1197 1274 refluere,
1225 1203 1308 1262 non
1338 1177 1414 1280 bis,
1439 1177 1549 1260 utin
1576 1177 1659 1260 aliis
1682 1175 1897 1288 portubus,
1925 1177 2002 1260 sed

427 1302 550 1386 semel
581 1301 739 1410 fingatis
767 1303 936 1398 diebus;
975 1299 1017 1382 &
1048 1300 1162 1386 aelius
1190 1301 1333 1385 incidit
1362 1300 1404 1384 in
1434 1301 1631 1384 occasum.
1655 1301 1775 1398 lunae,
1803 1298 2000 1384 defluxus

429 1423 626 1508 maximus
644 1424 686 1508 in
707 1447 855 1508 ortum.
911 1421 1028 1506 Cum
1049 1423 1154 1505 lunae
1180 1421 1454 1506 declinatione
1484 1441 1655 1530 augetur
1679 1421 1749 1506 hic
1778 1421 1917 1520 aellus„
1939 1423 1999 1506 us·

428 1571 510 1658 que
530 1547 580 1630 ad
606 1546 718 1630 diem
738 1547 955 1658 septimum
983 1547 1047 1630 vel
1067 1545 1269 1644 ollavum,
1297 1545 1392 1630 dein
1420 1569 1493 1654 per
1522 1547 1619 1630 alios
1649 1547 1804 1656 septem
1829 1545 1917 1629 dies
1936 1547 1998 1632 iis:

429 1669 527 1756 dem
548 1672 738 1780 gradibus
764 1672 975 1768 decrescin·
1003 1669 1150 1782 quibus
1177 1692 1292 1756 antea
1325 1689 1535 1768 creverat;
1563 1669 1609 1756 δε
1634 1671 1727 1754 luna
1756 1670 1999 1755 declinatio·

429 1819 525 1878 nem
548 1815 729 1880 mutante
744 1795 878 1894 cellat,
906 1821 952 1877 ac
981 1821 1079 1879 mox
1095 1815 1272 1879 mutatur
1292 1795 1337 1878 in
1354 1789 1579 1878 defluxum.
1623 1789 2005 1878 lnciditenimsub·

429 1917 526 2000 inde
559 1917 744 2002 delluxus
781 1919 824 2002 in
855 1916 1044 2002 occasum
1075 1917 1179 2002 lunae
1207 1917 1250 2000 &
1274 1915 1443 2002 affluxus
1473 1916 1525 2002 in
1544 1937 1705 2016 ortum,
1735 1913 1871 2002 donec
1903 1917 2003 1999 luna.

428 2039 579 2122 iterum
606 2059 738 2123 mutet
763 2039 1099 2126 declinationem..
1146 2039 1296 2124 Aditus
1326 2037 1513 2124 adhunc
1535 2057 1701 2149 portum
1724 2037 1911 2152 fretaque
1938 2037 1996 2120 vi-

431 2163 522 2246 cina
539 2162 691 2273 duplex
706 2185 829 2273 patet,
856 2163 955 2248 alter
970 2164 1020 2246 ab
1035 2188 1191 2247 oceano
1214 2159 1373 2269 Sinenst
1392 2163 1498 2246 inter
1517 2164 1798 2248 continentem
1821 2163 1866 2246 δε
1890 2165 1995 2248 inlu-

429 2283 508 2368 lam
523 2283 750 2381 Lucaniam,
778 2287 877 2371 alter
896 2313 919 2368 a
941 2285 1041 2368 mati
1061 2283 1199 2367 Indico
1217 2283 1323 2369 inter
1342 2281 1624 2369 continentem
1644 2284 1688 2368 &
1707 2283 1874 2370 insulam
1896 2287 1996 2366 Bor·

428 2431 510 2488 neo.
563 2409 633 2492 An
659 2407 774 2492 aellus
803 2407 929 2518 spatio
958 2404 1158 2492 horarum.
1180 2405 1451 2494 duodecima
1479 2407 1576 2490 mati
1604 2405 1756 2506 Iudico,
1791 2405 1835 2490 dt
1863 2405 1998 2517 spatio

429 2526 621 2614 horarum
640 2529 709 2617 sex
735 2531 881 2615 amati
907 2527 1065 2632 Sinenst
1082 2553 1154 2639 per
1182 2528 1286 2614 freta
1301 2528 1365 2612 illa
1392 2529 1621 2629 venientes„
1639 2527 1683 2612 u
1706 2529 1760 2611 stc.
1783 2529 1822 2613 in
1846 2531 1990 2616 lionam

431 2653 593 2736 tertiam
612 2649 657 2740 δι
675 2677 824 2736 nonam
844 2653 1024 2734 lunatam
1047 2649 1290 2749 incidentes,
1316 2671 1564 2760 componant
1583 2649 1818 2760 hujusmodi
1830 2670 1987 2762 motus3

429 2771 531 2858 fitne
550 2776 623 2856 alia
649 2776 819 2856 marium
845 2774 1006 2857 illorum
1033 2772 1235 2873 conditio,
1262 2771 1611 2860 observationibus
1628 2775 1858 2860 vicinotum
1881 2777 1991 2859 lltto··

429 2919 522 2977 tum
546 2893 901 2979 determinandum
922 2897 1122 3008 relinquo«

486 3014 696 3101 Had'tenus
722 3013 855 3106 caulas
873 3039 1061 3104 motuum
1082 3024 1187 3106 lunae
1213 3019 1257 3104 dc
1284 3020 1457 3110 mat-ium
1476 3021 1653 3112 reddidi.
1708 3023 1775 3110 Dc
1793 3027 1991 3139 quantita:-

430 3160 472 3232 te
489 3163 679 3232 motuum
693 3142 775 3252 jam
801 3145 995 3232 convenit
1020 3145 1152 3260 aliqua
1168 3145 1419 3255 subjungere

571 3369 1037 3467 PROPOSJTIO
1074 3369 1235 3469 XXV.
1315 3373 1724 3468 P'ROB‘LEMA
1759 3371 1846 3470 Vl.
1911 3388 1913 3397 '

598 3529 804 3631 Invenire
826 3529 941 3630 uires
953 3531 1058 3653 solis
1091 3531 1161 3632 ad
1176 3531 1505 3672 perturbandos·
1533 3563 1668 3633 motus
1691 3535 1830 3634 lunae..
1944 3552 1964 3596 ⁸

481 3721 678 3838 Defignet
698 3725 734 3808 S.
745 3725 894 3824 solem,
911 3724 952 3809 T
971 3745 1134 3824 tertam,
1160 3729 1205 3818 P
1231 3731 1383 3830 lunam,
1414 3731 1589 3818 CADB
1611 3733 1756 3818 orbem
1775 3735 1895 3820 luuae:
1947 3733 2001 3818 ln

204 4957 205 4960 ψ
241 5027 254 5032 „
423 4877 498 4968 en
523 4887 704 4999 capnon
734 4889 987 5008 snaequans
1006 4893 1099 4996 sm
1128 4895 1257 5011 nque
1276 4895 1348 4982 su
1368 4899 1577 4987 aunon
1598 4901 1803 5016 nnpucna
1826 4906 1990 5113 ratiost}
2131 4867 2132 4880 l
