4338 5656
399 230 1431 344 uniucrrlnnrnrrmnlnrlon
1627 227 1727 348 465

176 449 228 529 90
251 416 440 530 gradibus
463 414 609 500 distant
632 439 653 494 a
672 409 769 506 sole,
797 407 875 492 five
894 408 1026 491 elevet
1047 403 1220 488 eandem
1242 401 1284 484 in
1307 395 1540 506 regionibus
1561 392 1631 478 sub
1653 392 1735 476 sole
1752 389 1950 532 Τξὲξξζδ

177 544 220 629 &
239 544 312 628 soli
333 539 538 654 oppositis,
566 539 651 620 haec
682 535 834 616 summa
865 535 942 616 erit
971 552 1057 614 tota
1082 529 1172 612 solis
1193 528 1251 610 uis
1273 526 1323 609 ad
1348 550 1458 608 mare
1479 522 1738 630 agitandum;

176 667 415 753 &eundem
437 662 599 747 habebit
618 656 822 754 effectum,
856 683 901 740 ac
927 654 1061 738 fitota
1082 653 1123 736 in
1144 651 1377 759 regionibus
1402 647 1473 732 sub
1499 647 1581 731 sole
1603 647 1647 728 dc
1670 643 1742 730 soli

175 792 368 905 oppositis
383 816 492 874 mare
508 789 697 880 elevaret,
723 785 766 866 in
787 781 1019 890 regionibus
1041 797 1177 862 autem
1198 801 1290 885 quae
1310 803 1362 880 90
1382 773 1571 882 gradibus
1594 772 1740 857 distant

177 947 198 1003 a
218 917 299 1002 sole
321 915 377 1000 nil
398 932 548 1022 ageret.

231 1038 340 1126 Haec
366 1037 423 1120 ell
451 1038 510 1120 vis
535 1035 627 1118 solis
654 1034 705 1117 ad
738 1058 849 1116 mare
872 1029 1065 1112 ciendum
1092 1028 1133 1110 in
1155 1027 1250 1109 loco
1276 1025 1421 1136 quovis
1447 1023 1561 1119 dato,
1587 1023 1657 1107 ubi
1682 1021 1741 1112 sol

178 1167 326 1249 tamin
348 1161 503 1245 vertice
527 1159 608 1242 loci
640 1155 818 1240 versatur
839 1179 961 1264 quam
988 1152 1028 1234 in
1056 1148 1257 1233 mediocri
1283 1149 1349 1230 sua
1369 1146 1552 1231 distantia
1579 1173 1600 1229 a
1620 1170 1738 1232 terra.

177 1289 222 1374 ln
242 1288 325 1371 aliis
350 1284 439 1369 solis
457 1281 722 1392 positionibus
744 1281 802 1361 vis
826 1277 876 1359 ad
898 1298 1007 1357 mare
1026 1271 1295 1357 attollendum
1322 1270 1378 1352 ell
1407 1290 1453 1353 ut
1476 1271 1579 1353 sinus
1606 1270 1742 1352 versus

177 1413 312 1524 duplae
333 1407 556 1492 altitudinis
577 1405 668 1488 solis
693 1404 809 1513 supra
833 1399 1093 1484 horizontem
1114 1396 1196 1480 loci
1216 1391 1369 1478 diretle
1389 1393 1430 1478 dc
1453 1395 1581 1480 cubus
1600 1393 1744 1481 distan-

178 1540 244 1623 tiae
271 1536 361 1620 solis
390 1562 411 1617 a
434 1555 541 1617 terra
560 1527 696 1612 invers
721 1593 727 1608 .

232 1659 358 1742 Coral.
387 1655 498 1738 Cum
524 1654 584 1738 vis
607 1650 835 1759 centrifuga
861 1647 1036 1756 partium
1064 1663 1183 1728 terrae
1205 1673 1226 1726 a
1247 1644 1396 1729 diurno
1417 1664 1535 1728 terrac
1560 1661 1677 1726 motu
1698 1670 1745 1727 o·

178 1782 337 1879 riunda,
364 1805 456 1893 quae
476 1775 533 1860 est
559 1775 610 1858 ad
636 1773 719 1858 vim
750 1770 954 1880 gravitatis
978 1788 1025 1851 ut
1059 1795 1076 1847 1
1107 1767 1157 1850 ad
1185 1767 1278 1872 289,
1306 1765 1457 1850 efficiat
1489 1789 1535 1850 ut
1566 1767 1741 1851 altitudo

178 1933 292 2018 aquae
310 1904 381 1988 sub
401 1921 605 2012 aequatore
624 1895 784 2008 superet
804 1893 886 2000 ejus
905 1891 1161 1975 altitudinem
1180 1889 1251 1974 sub
1271 1892 1372 2000 polis
1391 1890 1573 1976 mensura
1587 1892 1760 2000 pedum

179 2027 458 2136 Paristenstum
479 2023 619 2128 85472‚
647 2039 692 2103 ut
716 2017 831 2129 supra
850 2017 891 2100 in
912 2041 1027 2126 prop.
1045 2015 1136 2109 xix;
1167 2015 1226 2097 vis
1248 2014 1381 2098 solaris
1404 2016 1458 2098 de
1472 2041 1552 2126 qua
1570 2017 1743 2124 egimus,

181 2180 278 2240 cum
296 2153 340 2234 stt
358 2151 408 2234 ad
424 2151 509 2232 vim
527 2144 730 2255 gravitatis
752 2163 797 2224 ut
823 2170 840 2223 1
864 2140 916 2222 ad
942 2138 1164 2235 12868200,
1189 2160 1312 2248 atque
1341 2139 1438 2222 ideo
1463 2141 1513 2222 ad
1533 2141 1615 2223 vim
1635 2142 1741 2224 illam

180 2271 450 2380 centrilugam
469 2291 515 2352 ut
534 2268 612 2372 289
629 2265 680 2348 ad
704 2262 913 2344 12868200
934 2261 1004 2344 seu
1032 2289 1049 2340 1
1069 2261 1120 2342 ad
1140 2289 1288 2365 44527,
1316 2258 1472 2345 efficiet
1498 2283 1542 2346 ut
1569 2264 1743 2348 altitudo

182 2422 296 2509 aquae
317 2395 360 2478 in
381 2389 613 2500 regionibus
629 2385 699 2470 sub
716 2382 799 2467 sole
819 2382 861 2466 dc
884 2382 956 2468 soll
976 2379 1168 2492 oppolitis
1195 2382 1354 2491 superet
1373 2383 1629 2468 altitudinem
1661 2385 1746 2494 ejus

185 2527 228 2610 in
245 2514 360 2612 locis,
383 2540 474 2624 quae
494 2539 545 2620 90
564 2508 751 2620 gradibus
772 2504 916 2589 distant
934 2533 956 2588 a
974 2504 1071 2596 sole,
1102 2503 1282 2587 mensura
1306 2526 1464 2590 tantum
1490 2507 1604 2617 pedis
1625 2511 1743 2592 unius

187 2634 423 2744 Paristenfis
435 2635 477 2720 δι
492 2634 717 2742 digitorum
731 2629 922 2713 undecim
938 2654 1033 2713 cum
1051 2629 1248 2714 tricesima
1269 2651 1382 2740 parte
1398 2631 1530 2740 digiti.
1548 2629 1618 2717 Est
1634 2635 1744 2720 enim

183 2763 270 2850 baec
291 2760 475 2846 mensura
494 2755 546 2842 ad
564 2753 789 2840 mensuram
808 2751 962 2862 pedum
986 2751 1114 2858 85472
1140 2775 1187 2842 ut
1218 2782 1236 2836 1
1259 2753 1310 2838 ad
1331 2783 1474 2863 44527.

193 3077 703 3222 'rnorosrrro
739 3117 988 3215 xxxvu.
1066 3118 1475 3216 prorutum
1523 3122 1697 3223 xuni.

482 3350 690 3454 Invenire
712 3346 805 3448 vim
827 3349 938 3446 lunae
960 3345 1028 3445 ad
1039 3385 1167 3448 mare
1188 3349 1460 3452 movendum.

240 3633 315 3722 Vis
330 3639 437 3724 lunae
452 3636 503 3722 ad
520 3657 631 3720 mare
644 3632 894 3718 movendum
912 3633 1140 3743 colligenda
1159 3635 1214 3718 ell
1232 3659 1285 3718 ex
1304 3633 1388 3742 ejus
1406 3639 1674 3748 proportione
1687 3643 1743 3728 ad

186 3759 271 3844 vim
283 3757 387 3856 solis,
407 3759 452 3842 dr
469 3759 555 3843 haec
570 3759 786 3870 proportio
801 3757 1029 3868 colligenda
1045 3758 1102 3841 est
1121 3783 1174 3842 ex
1185 3759 1453 3869 proportione
1467 3783 1655 3849 motuum
1665 3787 1749 3853 ma·

186 3883 253 3978 ris,
270 3882 342 3994 qui
356 3882 405 3966 ab
420 3883 479 3966 his
497 3882 649 3968 viribus
667 3882 864 3966 oriuntur.
897 3885 1008 3967 Ante
1027 3879 1172 3967 ostium
1192 3880 1308 3967 fluvii
1328 3884 1481 3966 Avonae
1500 3885 1551 3969 ad
1570 3889 1759 4000 lapidem-

187 4004 355 4090 tertium
382 4003 486 4087 infra
512 4004 755 4107 Brisloliurn‚
784 4028 971 4117 tempore
1002 4031 1131 4090 verno
1161 4005 1205 4089 dc
1236 4009 1455 4092 autumnali
1486 4029 1597 4096 totus
1630 4039 1747 4126 aquae

186 4125 367 4214 ascensus
388 4127 430 4208 in
462 4122 748 4233 conjunctione
768 4127 810 4210 &
835 4127 1090 4239 oppolitione
1116 4130 1388 4226 luminarium,
1417 4131 1655 4220 observante
1676 4141 1749 4222 Sa.

184 4249 311 4333 maele
329 4247 520 4345 Saurania,
545 4249 603 4332 est
629 4249 784 4360 pedum
814 4252 902 4361 plus
928 4250 1060 4334 minus
1081 4279 1146 4356 45,
1173 4251 1215 4335 in
1247 4253 1502 4362 quadraturis
1532 4277 1669 4344 autem
1690 4261 1749 4346 est

185 4371 341 4484 pedum
361 4389 519 4456 tantum
541 4399 604 4476 25.
660 4373 854 4459 Altitudo
883 4374 996 4484 prior
1024 4399 1078 4458 ex
1106 4375 1259 4461 summa
1278 4377 1438 4472 virium,
1471 4381 1670 4490 posterior
1694 4412 1750 4472 ex

187 4493 410 4580 earundem
436 4493 666 4583 differentia
693 4500 836 4582 oritur.
890 4497 999 4582 Solis
1024 4500 1148 4607 igitur
1170 4499 1213 4584 δι
1241 4502 1347 4590 lunae
1368 4506 1411 4587 in
1431 4528 1638 4618 aequatore
1661 4537 1750 4596 ver·

189 4614 360 4700 santium
378 4620 420 4702 &
445 4619 710 4706 mediocriter
728 4651 752 4707 a
770 4643 874 4708 terra
894 4621 1127 4709 distantium
1148 4625 1266 4714 sunto
1293 4626 1399 4715 uires
1413 4629 1445 4714 S
1461 4627 1507 4715 δι
1526 4631 1581 4734 L,
1607 4631 1652 4717 δε
1669 4639 1750 4723 erit

191 4735 316 4847 1.†s
336 4739 387 4827 ad
407 4741 531 4829 L-s
549 4763 593 4830 ut
615 4771 665 4852 45
686 4746 737 4832 ad
757 4774 823 4852 25,
851 4743 919 4834 seu
941 4773 965 4854 9
987 4746 1037 4830 ad
1059 4775 1094 4849 5.
1396 4742 1400 4750 ’

973 4870 1108 4960 Ooo
1706 4882 1753 4975 ln
