4338 5656
448 235 550 334 492
715 203 1255 306 PH1Loso1²H1AE
1300 197 1761 304 NATURAms

573 586 1042 687 PROPOSITIO
1087 587 1215 686 XLI.
1288 585 1704 682 PROBLEMA
1757 587 1889 683 XXI.

455 811 638 915 Cometae
668 814 717 916 in
741 813 966 958 parabola
999 815 1107 914 moti
1139 809 1443 948 trajedoriam
1478 851 1533 912 ex
1565 813 1681 914 datis
1713 812 1851 912 tribus
1886 809 2038 934 obser--

948 989 1191 1090 vationibus
1222 989 1532 1090 determinare.

510 1289 729 1378 Problema
764 1288 895 1373 hocce
925 1285 1047 1398 longe
1072 1281 1363 1372 difficillimum
1388 1287 1630 1372 multimode
1655 1283 1873 1396 aggressus,
1912 1313 2025 1373 com·

452 1411 569 1524 posui
587 1412 839 1524 problemata
865 1407 1055 1522 quaedam
1083 1409 1126 1494 in
1152 1409 1259 1494 libro
1292 1410 1439 1522 primo,
1468 1435 1563 1522 quae
1590 1407 1641 1493 ad
1670 1406 1755 1516 ejus
1780 1407 2024 1496 solutionem

448 1533 638 1644 spefflnt.
698 1531 843 1620 Postea
864 1531 1109 1620 solutionem
1134 1530 1373 1645 sequentem
1400 1534 1521 1646 paulo
1549 1530 1840 1643 fimpliciorem
1859 1535 2023 1642 excogi-

449 1677 545 1744 tavz.

502 1781 733 1896 seligantur
767 1803 848 1868 tres
884 1781 1186 1869 observationes
1227 1782 1443 1896 aequalibus
1471 1800 1705 1893 temporum
1732 1782 1956 1866 intervallis
1978 1781 2024 1865 ab

448 1907 627 1991 invicem
648 1907 960 2020 quamproxime
980 1905 1184 1992 distantes.
1239 1905 1298 1990 Sit
1324 1927 1460 1992 autem
1484 1905 1682 2018 temporis
1699 1905 1961 1990 intervallum
1983 1905 2023 1988 il·

448 2023 537 2128 lud,
557 2029 629 2113 ubi
652 2049 816 2114 cometa
836 2028 988 2115 tardius
1011 2053 1218 2126 movetur,
1237 2029 1358 2142 paulo
1378 2029 1502 2140 majus
1517 2031 1661 2128 altero,
1690 2029 1747 2115 ita
1764 2029 1961 2116 videlicet
1980 2045 2025 2114 ut
2145 2139 2146 2144 Ν

450 2171 688 2266 temporum
706 2151 937 2240 differentia
952 2155 998 2240 fit
1013 2157 1064 2241 ad
1081 2157 1278 2244 summam
1293 2175 1597 2268 temporum,ut
1615 2153 1774 2242 smnma
1791 2176 2022 2267 temporum

448 2273 502 2362 ad
526 2275 614 2364 dies
638 2277 729 2392 plus
752 2277 887 2367 minus
917 2279 1159 2384 sexcentos3
1188 2281 1254 2368 vel
1277 2301 1323 2366 ut
1344 2278 1542 2392 punfium
1561 2277 1603 2364 E
1622 2279 1693 2390 (in
1713 2276 1784 2391 fig.
1805 2279 1901 2366 lem.
1922 2287 2025 2390 vm.)
2145 2339 2146 2348 x

459 4504 613 4591 incidat
631 4507 674 4590 in
700 4505 895 4617 punfium
916 4507 976 4591 M
995 4509 1323 4623 quamproxime,
1351 4511 1395 4597 &
1424 4515 1522 4601 inde
1544 4517 1708 4604 aberret
1733 4517 1864 4604 versus
1893 4515 1922 4600 I
1944 4543 2029 4630 po-

459 4631 541 4718 tius
563 4655 686 4744 quam
710 4629 845 4718 versus
865 4634 919 4721 A.
974 4635 1016 4720 Si
1047 4636 1145 4721 tales
1173 4636 1473 4752 observationes
1503 4667 1589 4730 non
1618 4645 1769 4755 praesto
1793 4645 1885 4745 fint,
1912 4645 2026 4732 inve-

457 4751 634 4846 ifoendus
657 4754 723 4875 ¹est
743 4781 873 4847 novus
898 4778 1075 4852 cometae
1101 4761 1217 4850 locus
1235 4787 1309 4879 per
1327 4766 1479 4890 ¹lemma
1508 4765 1678 4856 sextum.

1803 4889 2027 5004 Defignent
