4338 5656
387 283 788 388 putuerunt
825 260 1422 384 sententiantes.
1622 275 1718 404 485

1647 461 1650 474 '
1770 449 1898 508 ntiae

281 602 749 703 PROPOSITIO
795 603 900 698 XL.
977 599 1413 697 THEOREMA
1473 600 1580 690 XX.

223 840 421 936 Cometes
453 833 501 934 in
524 831 784 958 seHionibus
813 833 965 934 conicit
997 829 1215 928 umbilicos
1248 829 1295 928 in
1319 853 1462 926 centro
1495 825 1600 948 stalis
1633 825 1717 922 ha-

1730 525 1928 586 Tenetur.

153 987 344 1090 bentibus
377 987 560 1112 moveri,
598 987 659 1093 ἐφ’
692 987 832 1086 radiis
868 986 935 1086 ad
952 982 1103 1108 solem·
1118 975 1257 1080 dussis
1296 1015 1424 1078 areas
1458 975 1731 1116 temporibus-

145 1140 493 1284 proportionales
515 1140 764 1266 describere.

209 1382 327 1467 Patet
344 1409 417 1495 per
435 1382 562 1468 coros.
586 1409 619 1482 n.
639 1405 756 1495 prop.
774 1405 865 1470 xnn
887 1381 979 1468 libri
997 1377 1132 1490 primi,
1144 1434 1148 1440 -
1162 1377 1357 1464 collatum
1380 1401 1475 1460 curn
1494 1399 1611 1486 prop.
1631 1393 1719 1475 v'ttt,

155 1533 226 1604 xn,
247 1505 291 1588 dc
310 1533 404 1593 x111.
422 1505 515 1592 libri
536 1507 658 1590 tertii.

207 1629 331 1712 Carol.
355 1658 387 1712 r.
427 1627 544 1716 Hinc
564 1629 591 1712 st
610 1645 786 1713 cometae
807 1627 851 1713 in
878 1628 1021 1712 orbem
1043 1627 1244 1725 redeunt;
1274 1624 1530 1709 orbesetunt
1553 1626 1720 1737 ellipses,

154 1751 196 1834 δι
218 1770 414 1861 tempora·
423 1752 633 1862 periodica
651 1770 774 1835 erunt
793 1747 845 1834 ad
869 1767 1054 1861 tempora
1072 1749 1281 1860 periodica
1307 1750 1556 1858 planetarum
1576 1749 1618 1831 in
1638 1750 1719 1832 axi·

153 1903 224 1960 um
242 1875 702 1987 principaliumratione
722 1874 1009 1989 sesquiplicata.
1065 1873 1252 1986 Ideoque
1266 1894 1447 1956 cometae·
1472 1874 1644 1956 maxima
1665 1889 1719 1957 ex·

153 2022 266 2111 parte
285 2000 400 2111 supra
420 2001 596 2112 planetas
618 1999 835 2097 versantes,
864 1998 906 2082 dc
929 2026 983 2084 eo
997 1999 1167 2084 nornine
1190 1999 1310 2084 orbes
1339 1997 1478 2082 axibus
1501 1984 1723 2104 majoribus

153 2123 440 2219 describentes,
468 2122 922 2210 tardiusnevolventut.
978 2119 1037 2206 Ut
1067 2123 1197 2210 sraxis
1218 2123 1338 2206 orbis·
1349 2141 1525 2206 cometae
1553 2122 1598 2206 fit
1618 2148 1717 2233 qua-

153 2244 451 2358 druplotnajor
477 2273 553 2330 axe
573 2247 682 2330 orbis
706 2246 871 2338 saturni,
897 2264 1057 2356 tempus
1081 2245 1346 2330 revolutionis
1368 2267 1542 2328 cometae
1563 2248 1641 2330 erit
1664 2247 1716 2328 ad

154 2388 315 2481 ternpus
340 2367 605 2454 revolutionis
647 2365 812 2465 saturni,
845 2367 890 2454 id
917 2367 988 2469 est,
1031 2367 1083 2453 ad
1105 2392 1231 2454 annos
1256 2395 1319 2470 30,
1346 2388 1392 2452 ut
1413 2369 1523 2475 4sl4
1549 2369 1647 2478 (seu
1670 2371 1718 2476 8)

152 2493 205 2580 ad
235 2520 270 2590 r,
297 2492 478 2604 ideoque
500 2494 578 2576 erit
606 2516 807 2578 annorum
833 2517 927 2597 240.

206 2617 329 2704 Coros.
349 2645 387 2698 2.
416 2613 549 2701 Orbes
568 2634 704 2701 autem
723 2633 842 2718 erunt
861 2614 1057 2725 parabolis
1076 2616 1182 2701 adeo
1194 2613 1378 2714 finitimi·
1392 2634 1438 2700 ut
1459 2635 1604 2702 eorunn
1623 2617 1722 2702 vice

152 2741 352 2853 parabolae
383 2735 470 2822 fine
486 2735 691 2822 erroribus
710 2735 954 2822 sensibilibus
982 2738 1165 2823 adhiberi
1184 2737 1348 2849 possint.

209 2863 330 2944 Corol.
353 2888 386 2958 3·
412 2857 467 2944 Et
485 2879 702 2971 propterea
720 2863 811 2970 (per
827 2860 960 2946 coros.
980 2889 1015 2964 7.
1037 2885 1154 2973 prop.
1173 2887 1253 2948 xvi.
1273 2861 1339 2947 lib.
1361 2867 1409 2970 1.)
1429 2863 1622 2947 velocitas
1641 2885 1715 2945 co·

150 3007 272 3076 metae
293 2983 439 3080 omnis,
457 2985 535 3068 erit
554 2983 712 3096 semper
731 2986 1062 3069 ad'vesocitarem
1081 2987 1252 3096 planetae
1273 2977 1442 3094 cujusvis
1461 2985 1572 3069 circa'
1589 2985 1726 3070 solens

151 3110 372 3198 incirculo
401 3107 662 3206 revolventis,
689 3106 733 3190 in
747 3105 1032 3217 subduplicata
1064 3107 1222 3194 tatione
1253 3107 1387 3220 duplae
1410 3105 1609 3192 distantiae
1635 3109 1717 3219 pla·

152 3258 260 3326 netae
278 3263 301 3321 a
320 3252 465 3320 centro
485 3229 589 3328 solis,
616 3231 668 3316 ad
689 3229 1112 3317 distantiamtconretae
1140 3259 1161 3315 a
1181 3253 1327 3318 centro
1346 3231 1437 3317 solis
1455 3233 1718 3346 quamproxi-

152 3387 231 3446 me.
288 3357 492 3440 Ponamus
511 3353 670 3437 radium
692 3351 801 3435 orbis
824 3353 974 3460 magni,
996 3352 1065 3438 seu
1091 3353 1272 3464 ellipseos
1289 3357 1331 3440 in
1352 3379 1432 3467 qua
1456 3375 1563 3440 terra
1580 3356 1714 3440 revol·'

152 3486 262 3568 vitur
289 3476 634 3564 semidiametrutn
660 3474 877 3559 maximam
906 3473 985 3560 esse
1010 3477 1186 3588 partium
1225 3505 1493 3564 100000000:
1536 3477 1729 3564 &terra

151 3627 269 3695 motu
291 3604 363 3689 suo
386 3601 536 3687 diurno
558 3599 760 3686 mediocri
783 3597 987 3686 describet
1014 3621 1148 3712 partes
1178 3629 1371 3705 1720212,
1398 3603 1442 3687 dc
1460 3623 1577 3690 motu
1597 3606 1714 3689 hora·

151 3735 215 3820 rio
229 3747 375 3844 partes
405 3729 568 3829 71675÷·
625 3721 808 3837 Ideoque
837 3742 999 3809 cometa
1024 3725 1066 3810 in
1086 3727 1231 3811 eadem
1251 3729 1402 3814 telluris
1425 3728 1549 3812 asole
1569 3728 1713 3815 distan-

152 3857 206 3938 tia
226 3847 442 3946 mediocri,
459 3871 507 3932 ea
531 3869 627 3930 cum
646 3845 976 3960 velocitatequae
996 3845 1041 3931 fit
1061 3848 1112 3935 ad
1132 3847 1393 3934 velocitatem
1415 3850 1565 3935 telluris
1584 3871 1630 3934 ut
1648 3861 1711 3935 αι

153 3976 205 4060 ad
238 3999 273 4068 1,
298 3969 500 4055 describet
519 3987 640 4052 motu
673 3966 747 4052 suo
766 3966 917 4054 diurno
941 3989 1075 4080 partes
1103 3998 1302 4077 2432747,
1331 3970 1375 4056 &
1403 3993 1520 4059 motu
1536 3975 1713 4061 'horario

151 4097 498 4213 partes101364÷.
542 4087 588 4174 ln
607 4087 827 4197 majoribus
853 4111 991 4176 autem
1008 4096 1074 4178 vel
1100 4096 1323 4181 minoribus
1343 4097 1550 4197 distantiis,
1576 4117 1726 4186 motus·

74 4293 77 4296 ,
153 4243 242 4306 tum
269 4215 438 4302 diurnus
470 4210 766 4295 tumborarius
795 4212 874 4295 erit
904 4212 956 4297 ad
985 4215 1093 4299 hunc
1119 4237 1279 4302 motum
1303 4217 1495 4305 diurnum
1524 4219 1567 4304 δι
1595 4221 1717 4307 hora-1

153 4346 260 4430 rium
277 4341 320 4428 in
339 4335 619 4448 subduplicata
641 4333 1096 4422 rationedistantiarunt
1115 4341 1342 4453 reciproce,
1360 4342 1539 4458 ideoque
1558 4335 1688 4432 datur.

211 4464 334 4552 Gorol.
354 4491 392 4568 4.
420 4455 545 4545 Unde
563 4456 592 4542 si
612 4456 713 4544 latus
734 4452 891 4546 rebium
905 4461 1112 4572 parabolae
1138 4464 1367 4576 quadruplo
1388 4467 1513 4578 majus
1531 4471 1577 4554 fit
1597 4471 1713 4555 radio

154 4589 264 4677 orbis
272 4581 740 4700 ·tnagni,&quadratum
752 4584 856 4670 radii
870 4584 973 4673 illius
986 4597 1160 4698 ponatur
1175 4587 1254 4674 esse
1268 4589 1444 4702 partium
1462 4620 1717 4678 100000000:

155 4735 246 4800 area
275 4731 398 4823 qnam
430 4725 593 4794 cometa
617 4704 734 4793 radio
765 4706 817 4793 ad
843 4707 969 4798 solem
1000 4707 1126 4798 dudo
1153 4709 1313 4824 singulis
1340 4714 1485 4804 diebus
1506 4717 1714 4818 describit,

1635 4843 1713 4929 erit
