4344 5648
336 283 342 294 ⁸
450 296 848 397 PRINCIPIA
893 287 1481 392 MATHEMATICA.
1653 325 1747 423 351

10 491 21 548 ⁴
239 481 319 567 Per
349 476 549 564 theoriam
584 472 733 560 cadere
761 469 994 558 debuerunt
1022 487 1210 581 ternpore
1241 467 1539 555 oscitationum
1572 463 1997 606 46-,2cir-snlc1uq23m

19 623 20 635 ¹
186 625 301 690 elles.

242 731 399 840 Exper.
424 756 484 810 12.
512 725 640 812 Globi
661 743 742 810 tres
765 721 953 834 aequales,
980 721 1166 833 pondere
1194 745 1415 831 granorum
1439 748 1507 830 141
1531 720 1574 803 in
1601 744 1693 802 aere
1713 713 1756 798 &

185 865 235 962 44
257 855 298 940 in
317 879 435 966 aqua,
461 851 676 962 aliquoties
701 845 875 942 demilli,
904 847 1146 933 ceciderunt
1176 845 1429 958 temporibus
1461 843 1758 929 oscillationum

187 988 252 1079 61,
271 985 337 1077 62,
366 985 431 1077 63,
452 975 569 1080 64&
593 981 659 1076 65,
686 971 962 1057 describentes
989 973 1247 1059 altitudinem
1270 971 1497 1080 digitorum
1520 969 1608 1052 182.

240 1103 296 1189 Et
331 1130 406 1216 per
444 1099 645 1187 theoriam
677 1097 825 1184 cadere
857 1095 1091 1184 debuerunt
1124 1119 1313 1210 tempore
1352 1095 1648 1182 oscillationum
1683 1099 1764 1206 ⁶4⁴ss

185 1229 515 1342 quamproxime.

242 1355 322 1438 Per
340 1353 428 1438 haec
444 1351 726 1463 experimenta
747 1345 1003 1434 manifestum
1017 1349 1074 1434 est
1091 1348 1222 1462 quod,
1239 1348 1309 1432 ubi
1325 1344 1438 1458 globi
1458 1342 1573 1428 tarde
1595 1342 1758 1428 cecide·

185 1497 294 1578 runt,
320 1478 427 1563 utin
449 1469 970 1588 experimentis'secundis,
1008 1475 1175 1587 quartis,
1203 1474 1370 1586 quintis,
1397 1471 1562 1570 odavis,
1589 1469 1760 1556 undeci-

184 1605 260 1688 mis
287 1628 334 1685 ac
368 1597 645 1694 duodecimis,
674 1617 862 1708 tempora
891 1597 1067 1684 cadendi
1093 1591 1203 1682 rede
1234 1595 1479 1681 exhibentur
1508 1619 1581 1706 per
1609 1595 1762 1678 theoni.

184 1754 274 1813 am:
303 1746 343 1810 at
363 1725 433 1810 ubi
453 1724 565 1832 globi
584 1724 765 1808 velocius
784 1723 1044 1822 ceciderunt,
1072 1742 1117 1807 ut
1141 1725 1183 1807 in
1205 1721 1499 1834 experimentis
1525 1719 1661 1816 sextis,
1681 1744 1756 1803 no-

184 1853 246 1938 nis
273 1878 319 1936 ac
350 1850 540 1947 decimis,
579 1847 796 1932 resistentia
828 1846 950 1957 paulo
979 1849 1107 1958 major
1142 1848 1283 1934 extitit
1315 1872 1437 1961 quam
1470 1844 1513 1928 in
1550 1845 1762 1956 duplicata

184 1979 343 2062 ratione
375 1975 613 2060 velocitatis.
671 1974 778 2060 Nam
800 1976 911 2085 globi
943 1977 1050 2061 inter
1076 1974 1308 2062 cadendum
1329 1973 1510 2057 oscillant
1531 1974 1756 2084 aliquantu·

184 2105 298 2202 lum,
328 2100 371 2184 δι
391 2103 479 2184 haec
504 2100 703 2184 oscillatio
728 2101 769 2186 in
790 2101 921 2210 globis
944 2103 1162 2190 levioribus
1181 2098 1398 2187 &tardius
1417 2098 1671 2196 cadentibus,
1699 2098 1764 2182 ob

186 2248 325 2313 motus
355 2227 597 2334 languorem
623 2223 710 2307 cito
736 2223 884 2324 cellat;
920 2227 963 2312 in
998 2228 1251 2336 gravioribus
1284 2247 1422 2309 autern
1454 2223 1497 2306 dc
1526 2221 1768 2331 majoribus,

186 2355 242 2437 ob
262 2369 398 2435 motus
430 2347 717 2434 fortitudinem
750 2347 903 2434 diutius
929 2350 1065 2449 durat,
1092 2349 1136 2434 ἃ
1162 2376 1246 2435 non
1270 2347 1342 2434 nist
1369 2347 1457 2460 post
1482 2349 1616 2459 plures
1642 2345 1757 2434 oscil-

185 2477 356 2562 lationes
382 2475 433 2558 ab
458 2498 561 2586 aqua
586 2471 792 2556 ambiente
831 2473 1019 2558 cohiberi
1047 2474 1192 2586 potest.
1249 2473 1486 2586 Quinetiam
1513 2473 1640 2584 globi,
1671 2496 1767 2586 quo·

185 2602 413 2688 velociores
436 2599 543 2694 sunt,
569 2595 774 2680 eominus
799 2619 1045 2708 premuntur
1071 2595 1249 2684 alluido
1282 2599 1333 2683 ad
1358 2598 1529 2709 posticas
1555 2599 1640 2682 suas
1667 2623 1759 2708 par·

187 2750 281 2827 resa
310 2727 354 2812 dt
385 2727 413 2810 fi
439 2723 633 2808 velocitas
666 2742 869 2834 perpetuo
898 2743 1103 2835 augeatur,
1139 2723 1311 2836 spatium
1347 2747 1521 2808 vacuum
1550 2722 1715 2807 tandem
1736 2749 1767 2806 as

187 2873 306 2960 tergo
325 2852 572 2963 relinquent,
599 2846 671 2932 nisr
702 2841 948 2960 compressio
974 2849 1100 2936 fluidi·
1120 2849 1241 2936 stmul-
1265 2871 1473 2958 augeatur.
1526 2847 1665 2934 Debet
1691 2875 1764 2948 au»,

186 2998 272 3064 tem
294 2971 540 3086 compreffio
560 2970 678 3056 fluidi
708 2976 800 3082 (per
825 2999 942 3086 prop.
968 3002 1116 3060 xxxrr.
1148 2973 1191 3057 dr
1221 2981 1415 3084 xxxin.)
1444 2974 1583 3083 augeri
1610 2974 1653 3059 in
1679 2975 1766 3060 du-¹

185 3105 330 3214 plicata
361 3101 518 3186 ratione
550 3095 788 3194 velocitatis,
829 3119 874 3182 ut
903 3100 1121 3186 resistentia
1146 3100 1192 3184 fit
1219 3101 1262 3184 in
1293 3097 1438 3182 eadem
1467 3097 1670 3209 duplicata
1697 3129 1766 3186 ra-

186 3227 312 3313 tione.
381 3224 600 3337 Quoniam
620 3224 700 3306 hoc
733 3223 906 3323 nonsit,
946 3225 1058 3332 globi
1091 3226 1318 3308 velociores
1349 3223 1470 3332 paulo
1503 3222 1636 3306 minus
1668 3250 1759 3334 pre»

188 3373 411 3439 montur'a
445 3369 577 3456 tergo,
616 3345 658 3428 dc
688 3343 851 3430 defedu
882 3345 1093 3459 preffionis
1123 3347 1253 3455 hujus,
1289 3346 1512 3431 resrllentia
1536 3373 1680 3435 eor-um
1711 3351 1765 3438 fit

187 3479 308 3588 paulo
340 3473 468 3582 major
493 3497 614 3584 quarn
635 3473 678 3556 in
698 3469 900 3580 duplicata
921 3473 1079 3557 ratione
1105 3472 1343 3557 velocitatis.

244 3597 451 3708 Congruit
483 3597 608 3707 igitur
636 3595 792 3680 theoria
825 3621 918 3680 cum
945 3597 1224 3708 phaenomenis
1264 3621 1486 3707 corporum
1520 3596 1765 3686 cadentium.

186 3728 228 3812 in
256 3753 371 3840 aqua,
411 3723 613 3836 reliquum
647 3722 704 3806 est
741 3740 787 3806 ur
818 3724 1095 3809 examinemus
1128 3725 1398 3836 plraenomena
1440 3723 1675 3813 cadentium
1713 3731 1765 3814 in

187 3879 290 3938 aere.

243 3975 399 4084 Exper.
430 4003 489 4073 13·
532 3975 571 4056 A
598 3975 775 4058 culmine
807 3973 985 4060 ecclesrae
1010 3973 1142 4060 Sandi
1178 3975 1321 4073 Pauli,
1357 3974 1399 4060 in
1433 3976 1534 4059 urbe
1569 3976 1769 4079 Larrdi'rri,

187 4101 323 4189 mense
337 4099 461 4208 Junio
479 4127 589 4202 1710.
604 4099 716 4206 globi
745 4100 829 4182 duo
849 4101 969 4184 vitrei
990 4102 1103 4185 srmul
1118 4099 1447 4198 demittebantur,
1476 4126 1578 4213 unus
1600 4103 1766 4210 argenti.

186 4229 268 4316 vivi
282 4227 438 4337 plenus,
474 4224 573 4308 alter
594 4223 692 4306 aeris
712 4258 723 4318 3
754 4221 797 4306 dc
815 4223 1004 4308 cadendo
1022 4224 1303 4310 describebant
1322 4224 1578 4310 altitudinem
1598 4226 1762 4336 pedum·¹

187 4347 483 4458 Londinenſsum
512 4376 605 4430 220.
672 4345 832 4431 Tabula
872 4348 1004 4458 lignea
1040 4349 1089 4434 ad
1128 4373 1255 4434 unum
1285 4351 1368 4459 ejus
1402 4351 1621 4436 terminum
1653 4355 1768 4465 polis.

188 4477 327 4561 ferreis
358 4474 687 4586 suspendebatur,
723 4471 774 4556 ad
807 4473 980 4558 alterum
1012 4472 1166 4587 peslulo
1201 4477 1338 4583 ligneo
1371 4475 1664 4575 incumbebat;
1713 4481 1758 4563 dc

189 4597 299 4708 globi
332 4597 416 4682 duo
452 4599 546 4682 huic
580 4595 725 4680 tabulae
762 4597 938 4708 impofiti
965 4598 1077 4683 srmul
1113 4599 1446 4699 demittebantur,
1484 4603 1769 4688 subrranendo

188 4719 387 4835 pellitium
414 4750 492 4833 ope
516 4724 572 4808 lili
602 4723 723 4808 ferrei
742 4724 793 4807 ad
816 4745 964 4810 terram
991 4725 1117 4840 usque
1147 4725 1305 4814 demiffi
1325 4748 1369 4812 ut
1399 4729 1530 4814 tabula
1556 4731 1656 4839 polis
1679 4727 1759 4814 fer-

188 4852 265 4936 reis
295 4848 554 4934 solummodo
582 4853 717 4936 innixa
748 4849 865 4962 super
898 4855 1036 4938 iisdem
1070 4853 1372 4956 devolveretur,
1400 4857 1445 4942 δε
1471 4857 1620 4940 eodem
1653 4872 1763 4938 tem·

188 4976 298 5090 poris
337 4997 550 5064 momento
579 4978 801 5090 pendulum
833 4978 883 5066 ad
915 4983 1070 5066 minuta
1099 4981 1274 5068 secunda
1313 4983 1517 5078 oscillans,
1540 5007 1616 5093 per
1644 4979 1769 5186 filiun}

1659 5134 1670 5186 r
1703 5131 1727 5188 u
1760 5123 1768 5184 i
