4338 5656
477 253 572 350 510
720 225 1263 324 'PlllLOS'oP'HlAE
1309 223 1764 324 NATURAL'IS

246 387 445 528 ffirlzlffi
470 393 626 476 coelum
652 411 786 479 totum
811 393 903 478 luce
930 393 1021 476 solis
1049 389 1288 476 illustratum
1314 389 1573 478 uniformiter
1602 389 1822 502 splendeat.
1871 391 2048 505 Opinio

469 514 646 602 secunda
673 522 808 602 multis
836 522 1035 630 premitur
1061 513 1382 602 difficultatibus.
1426 515 1583 602 Caudae
1604 542 1811 628 nunquam
1832 521 2049 628 variegan-

470 665 536 726 tur
563 644 795 728 coloribus:
824 645 896 756 qui
918 665 1055 728 tamen
1077 641 1366 726 refraslionum
1388 639 1516 726 solent
1541 639 1620 724 elle
1645 642 1819 726 comites
1843 643 2052 755 insepara-

469 767 579 854 biles.
637 769 733 854 Lux
760 769 933 854 fixarum
962 767 1005 852 dc
1034 770 1284 881 planetarum
1320 766 1505 852 dillinsle
1533 765 1585 850 ad
1618 793 1694 852 nos
1725 766 1949 852 transmissa
1978 771 2050 855 de.

469 895 663 978 monstrat
683 897 867 980 medium
888 895 1055 979 coelelle
1077 897 1184 980 nulla
1203 893 1242 976 vi
1262 889 1471 977 restasliva
1492 893 1659 1004 pollere.
1714 891 1822 976 Nam
1844 894 1966 1005 quod
1989 895 2049 978 di-

470 1019 578 1104 citur
601 1021 697 1104 fixas
718 1021 767 1106 ab
781 1021 999 1134 AEgypmis
1010 1039 1192 1106 cometas
1211 1046 1503 1132 nonnunquam
1522 1017 1619 1102 visas
1639 1015 1765 1112 fuisse,
1784 1021 2046 1130 id‚quoniaru
2139 1027 2140 1032 '

460 1145 664 1229 rarissime
698 1148 924 1256 contingit,
968 1143 1250 1230 ascribendum
1286 1143 1342 1228 ell
1378 1143 1548 1228 nubium
1582 1140 1812 1226 refrasiioni
1847 1141 2043 1234 fortuita.

469 1268 502 1354 F
504 1274 661 1354 ixarum
681 1297 848 1384 quoque
869 1270 1042 1356 radiatio
1061 1270 1349 1355 &scintillatio
1369 1270 1419 1355 ad
1435 1265 1697 1354 resrasliones
1715 1288 1805 1352 tum
1825 1271 2042 1355 oculorum

468 1415 561 1480 turn
582 1397 684 1478 aeris
715 1398 878 1483 tremuli
903 1397 1131 1483 reserendae
1156 1397 1268 1484 sunt:
1302 1397 1452 1510 quippe
1473 1421 1566 1509 quae
1587 1393 1763 1478 admotis
1792 1396 1924 1478 oculo
1950 1399 2045 1480 tele-

467 1521 615 1630 scopiis
633 1521 891 1607 evanescunt.
951 1524 1070 1608 Astis
1092 1519 1458 1606 &ascendentium
1485 1545 1682 1631 vaporum
1705 1539 1893 1602 tremore
1913 1519 1974 1616 fit,
2001 1547 2043 1608 ut

461 1646 572 1728 radii
599 1645 716 1728 facile
746 1646 799 1730 de
830 1646 997 1756 angusto
1024 1647 1186 1757 pupillae
1221 1645 1348 1756 spatio
1380 1644 1589 1754 pervices
1618 1643 1963 1755 detorqueantur,
1992 1644 2043 1728 de

464 1769 613 1854 latiore
640 1793 778 1858 autern
816 1773 911 1857 vitri
945 1771 1137 1880 objeslivi
1171 1792 1358 1884 apertura
1391 1770 1641 1882 neutiquam.
1708 1766 1810 1852 lnde
1842 1768 2042 1882 estquod

469 1893 701 1979 scintillatio
726 1896 768 1978 in
796 1897 925 2005 priori
952 1897 1045 1981 casu
1070 1915 1304 2005 generetur,
1330 1894 1374 1978 in
1401 1893 1626 2004 posteriore
1652 1911 1790 1976 autern
1821 1889 1966 1976 cesset:
1997 1891 2043 1976 dt

468 2010 635 2101 cessatio
655 2019 696 2102 in
716 2018 940 2130 posteriore
962 2019 1054 2105 casu
1073 2019 1321 2104 demonstrat
1343 2021 1570 2130 regularem
1590 2015 1922 2102 transmissionem
1935 2018 2042 2100 lucis

468 2161 542 2248 per
568 2141 699 2226 coelos
728 2140 810 2226 fine
842 2145 956 2228 omni
981 2142 1225 2228 tesraslione
1255 2143 1439 2229 sensrbili.
1494 2143 1653 2256 Nequis
1679 2139 1903 2225 contendat
1921 2140 2039 2252 quod

468 2270 612 2358 caudae
642 2291 728 2354 non
755 2268 907 2354 soleant
931 2270 1062 2356 videri
1088 2270 1129 2354 in
1158 2270 1345 2369 cometis,
1376 2295 1472 2354 cum
1496 2294 1641 2353 eorum
1663 2268 1739 2350 lux
1761 2292 1847 2350 non
1874 2263 1932 2349 est
1950 2265 2042 2348 satis

469 2397 600 2492 sortis,
628 2394 723 2506 quia
748 2415 848 2480 tunc
872 2397 973 2480 radii
995 2395 1222 2481 secundarii
1244 2422 1327 2481 noo
1350 2395 1501 2480 habent
1524 2393 1615 2478 satis
1636 2393 1787 2476 virium
1814 2391 1868 2474 ad
1899 2390 2043 2474 oculos

470 2517 715 2616 movendos,
750 2518 792 2602 de
821 2541 1038 2631 propterea
1067 2517 1214 2604 caudas
1241 2517 1414 2604 fixarum
1444 2544 1530 2604 non
1557 2516 1699 2600 cerni:
1752 2512 1962 2596 sciendum
1986 2512 2045 2596 est

299 2647 302 2654 ’
461 2640 584 2752 quod
606 2640 676 2726 lux
694 2639 866 2726 fixarum
891 2642 979 2752 plus
1000 2662 1170 2728 centum
1191 2639 1348 2726 vicibus
1368 2640 1507 2749 augeri
1528 2639 1662 2751 potest
1687 2636 1955 2722 mediantibus
1976 2655 2044 2719 te-

462 2761 665 2870 lescopiis‚
695 2785 772 2848 nec
793 2783 931 2848 tamen
950 2765 1094 2848 caudae
1115 2786 1354 2850 cernuntur.
1410 2761 1669 2848 Planetarum
1688 2785 1856 2873 quoque
1874 2761 1951 2843 lux
1967 2785 2043 2843 co-

467 2881 619 2992 piosior
655 2881 725 2978 est,
759 2881 901 2964 caudae
928 2909 1029 2968 vero
1057 2886 1207 2968 nullae:
1255 2907 1431 2972 cometae
1464 2907 1603 2973 autem
1632 2885 1729 2994 saepe
1762 2880 2043 2966 caudatislimi

442 3001 574 3100 sunt,
601 3001 672 3088 ubi
698 3003 878 3116 capitum
908 3008 980 3094 lux
1009 3009 1140 3094 tenuis
1166 3009 1223 3094 est
1250 3007 1293 3094 &
1313 3014 1433 3099 valde
1461 3012 1619 3099 obtusa.
1644 3009 1711 3094 Sic
1737 3005 1850 3090 euim
1868 3025 2040 3090 cometa

462 3128 563 3214 anni
587 3129 703 3228 1680,
731 3131 868 3218 mense
889 3133 1123 3231 Decembri,
1150 3159 1235 3247 quo
1249 3156 1445 3248 ,tempore
1467 3157 1590 3250 caput
1620 3135 1712 3220 luce
1730 3131 1800 3217 sua
1814 3130 1888 3216 vix
1907 3155 2040 3242 aequa·
2139 3197 2140 3236 a

467 3251 538 3338 bat
564 3253 691 3338 slellas
711 3253 900 3340 secundae
924 3254 1229 3365 magnitudinis,
1253 3259 1425 3348 caudam
1453 3261 1668 3347 emittebat
1686 3255 1899 3368 splendore
1916 3274 2039 3338 uota·
2139 3263 2140 3272 '

467 3376 539 3462 bili
557 3375 685 3491 usque
714 3377 765 3463 ad
788 3378 936 3488 gradus
957 3407 1023 3485 40,
1039 3407 1117 3483 -ςο,
1148 3386 1200 3464 60
1226 3383 1291 3467 vel
1312 3411 1363 3487 70
1383 3385 1653 3496 longitudinis
1681 3381 1725 3466 &
1743 3382 1872 3466 ultra:
1896 3375 2040 3488 postea
2139 3375 2140 3378 ‘

464 3498 573 3610 Jan.
590 3526 642 3601 27
662 3499 705 3584 &
726 3499 776 3584 28
797 3521 920 3614 caput
943 3505 1158 3613 apparebat
1181 3523 1228 3588 ut
1255 3503 1362 3590 stella
1393 3507 1575 3618 septimoe
1602 3524 1762 3591 tantum
1796 3500 2040 3611 magnitudi-

467 3626 545 3723 nis‚
573 3625 703 3710 cauda
734 3653 836 3711 vero
863 3627 954 3710 luce
981 3627 1151 3740 quidem
1178 3631 1367 3739 pertenui
1391 3631 1462 3717 sed
1491 3633 1582 3717 satis
1609 3629 1783 3716 sensibili
1807 3629 1930 3736 longa
1953 3649 2038 3712 erat

468 3737 584 3831 olel
605 3775 628 3850 7
650 3750 813 3858 gradus,
842 3748 885 3832 ‹le
906 3751 998 3835 luce
1025 3751 1314 3852 obscurissima,
1340 3781 1435 3868 quac
1451 3756 1567 3842 cerni
1594 3757 1666 3840 vix
1685 3749 1830 3866 posset,
1854 3749 2039 3860 porrige·

466 3871 587 3958 batur
604 3872 657 3958 ad
677 3873 849 3984 gradum
863 3874 990 3989 usque
1002 3875 1299 3966 duodecimum
1312 3883 1378 3965 vel
1392 3881 1513 3992 paulo
1526 3881 1656 3966 ultra:
1685 3899 1732 3962 ut
1749 3879 1863 3988 supra
1875 3869 2036 3958 dissum

467 3999 538 4085 est.
594 3999 742 4086 Sed&
763 4001 855 4086 Feb.
875 4031 898 4108 9
920 4000 965 4084 dc
988 4029 1036 4084 ro
1059 4003 1129 4087 ubi
1151 4025 1274 4118 eaput
1292 4003 1412 4092 nudis
1432 4008 1561 4093 oculis
1580 4006 1713 4092 videri
1736 4002 1923 4100 deserat,
1942 4025 2036 4084 cau·

466 4124 564 4210 darn
584 4124 732 4234 gradus
754 4125 858 4212 duos
879 4127 1043 4237 longam
1061 4155 1132 4242 per
1158 4128 1424 4240 telescopium
1442 4132 1741 4244 contemplatus
1760 4129 1863 4214 sum.
1902 4126 2033 4211 Porro

469 4245 499 4329 sr
517 4249 645 4334 cauda
665 4252 842 4335 oriretur
862 4276 915 4336 ex
933 4251 1175 4338 tesraslione
1201 4258 1383 4340 materiae
1409 4257 1600 4355 coelestis,
1626 4255 1670 4340 dr
1691 4281 1771 4367 pro
1795 4257 1921 4364 ligura
1940 4273 2033 4334 coe-

469 4373 603 4460 lorum
624 4375 914 4462 dellesleretur
934 4377 987 4460 de
1015 4377 1106 4461 solis
1124 4379 1396 4490 opposrtione‚
1420 4381 1597 4468 deberet
1611 4381 1802 4468 deflexio
1826 4382 1884 4466 illa
1903 4379 1944 4460 in
1963 4375 2035 4462 iis-

333 4523 335 4528 ’
465 4493 568 4581 dem
587 4498 686 4580 coeli
703 4500 937 4608 regionibus
958 4501 1001 4586 in
1016 4502 1194 4588 eandem
1213 4504 1372 4617 semper
1392 4528 1550 4617 partem
1568 4507 1670 4592 fieri.
1715 4508 1852 4622 Atqui
1870 4523 2036 4588 cometa

465 4620 563 4708 anni
585 4618 888 4707 1680Decemb.
902 4623 964 4709 28.
987 4627 1088 4712 bora
1108 4625 1155 4715 8÷
1172 4653 1275 4739 pm.
1292 4627 1481 4728 Londini,
1497 4631 1728 4716 versabatur
1749 4635 1794 4717 in
1821 4657 1853 4716 at
1874 4629 1935 4713 8³¹.
1956 4625 2036 4736 μ’,
2139 4683 2140 4694 t

464 4771 567 4836 cum
591 4745 808 4834 latitudine
833 4749 988 4836 boreali
1010 4751 1102 4837 28⁸².
1121 4750 1178 4854 θ’,
1202 4755 1288 4842 sole
1306 4755 1503 4844 existente
1519 4757 1563 4846 iu
1584 4789 1619 4847 u
1642 4755 1730 4844 18⁸².
1749 4755 1835 4842 ad'.
1887 4749 1947 4842 Et
1970 4781 2038 4838 co·

576 4903 580 4912 '
1930 4897 2039 4966 meta
