4450 5674
442 249 848 355 rnttvctrtn
897 241 1500 374 Mnrnrunttcn
1742 267 1778 358 7

257 435 320 524 lll.
347 434 487 521 Locus
506 433 563 518 eli
583 457 672 544 pars
692 428 805 542 spatii
825 453 948 544 quarn
974 449 1122 542 corpus
1147 443 1336 540 occupat,
1365 421 1503 536 estque
1520 439 1599 532 pro
1617 393 1775 508 tatione
1791 423 2010 509 orntum„
2186 402 2188 470 ¹

202 563 316 678 lpatn
329 563 393 649 vel
417 561 619 646 absolutus
638 559 703 642 vel
717 557 916 642 relattvus
958 555 1107 654 Pars,
1096 579 1273 668 anquam,
1300 525 1905 662 spatii;nons1tuscor-⁰”²⁸

202 691 336 806 potis,
364 691 430 775 vel
465 685 695 800 superficies
723 683 913 769 ambiens
970 683 1077 767 Nam
1106 681 1329 767 solidorum
1359 676 1574 790 aequalium
1608 677 1782 794 aequales

204 821 364 930 semper
391 819 481 902 sunt
499 817 609 911 lotia
640 811 881 923 superficies
910 831 1045 895 autem
1073 808 1127 894 ob
1160 803 1527 894 dissimilitudinem
1556 805 1780 916 figurarum

202 965 251 1031 ut
283 943 514 1058 plurimum
538 941 754 1054 inequales
784 937 898 1035 sunt;
935 937 1042 1022 Situs
1075 961 1176 1023 vero
1210 935 1377 1048 proprie
1412 935 1621 1048 loquendo
1653 956 1782 1048 quan·

204 1077 479 1159 ritatemnon
506 1070 677 1166 habent,
704 1093 838 1182 neque
875 1088 957 1151 tarn
991 1066 1080 1151 sunt
1120 1067 1210 1150 locu
1242 1089 1366 1178 quam
1402 1059 1634 1148 affetiiones
1667 1065 1781 1148 loco·

204 1223 312 1286 rum.
368 1196 513 1283 Motus
535 1193 659 1280 totius
692 1193 805 1279 idem
838 1189 896 1278 est
932 1214 1028 1276 cum
1060 1191 1214 1276 summa
1243 1209 1430 1274 motuum
1461 1189 1663 1301 partium;
1699 1187 1782 1276 hoc

206 1330 280 1426 est,
307 1325 513 1412 transsatio
543 1323 668 1406 totius
697 1319 850 1406 deluo
876 1317 971 1405 loco
1000 1319 1144 1404 eadem
1172 1321 1230 1406 est
1257 1314 1355 1407 cum
1378 1319 1528 1404 summa
1556 1309 1781 1403 transsatio·

208 1481 308 1544 num
328 1455 502 1567 partium
523 1449 577 1536 de
595 1452 695 1536 locis
721 1449 797 1534 suis
819 1483 830 1544 t
861 1449 1040 1562 ideoque
1067 1451 1180 1533 locus
1204 1453 1329 1536 totius
1348 1449 1459 1534 idem
1480 1447 1537 1532 est
1556 1465 1652 1532 cum
1673 1443 1781 1530 lum·

209 1609 276 1668 ma
292 1583 479 1667 locorum
497 1577 689 1688 partium,
718 1575 762 1659 ἃ
780 1595 995 1688 propterea
1016 1569 1259 1661 internus&
1279 1577 1321 1661 in
1341 1595 1518 1688 corpore
1541 1589 1648 1658 toto.

262 1701 333 1792 lV.
361 1701 508 1789 Motus
536 1699 738 1787 absolutus
772 1697 830 1783 est
854 1699 1059 1785 transsatio
1096 1698 1279 1814 corporis
1314 1695 1367 1786 de
1401 1701 1497 1785 loco
1527 1695 1710 1784 absoluto
1737 1697 1782 1786 in

203 1831 346 1920 locum
376 1829 613 1928 absolutum,
650 1828 840 1914 relativus
873 1829 927 1914 de
953 1830 1125 1916 relativo
1155 1834 1197 1916 in
1221 1831 1445 1915 relativum.
1518 1825 1584 1913 Sic
1619 1828 1662 1912 in
1687 1826 1782 1912 navi

200 1981 298 2073 quae
324 1957 423 2044 velis
457 1951 573 2069 pallis
601 1951 754 2051 fertur,
802 1955 991 2039 relativus
1034 1957 1219 2067 corporis
1256 1957 1370 2040 locus
1405 1951 1462 2040 est
1489 1952 1638 2066 navigii
1664 1954 1784 2064 regio

203 2083 273 2168 illa
298 2086 343 2169 in
368 2107 449 2197 qua
482 2105 631 2190 corpus
655 2075 858 2177 versatur,
892 2081 961 2165 seu
983 2082 1163 2166 cavitatis
1190 2082 1315 2168 totius
1342 2107 1430 2194 pars
1457 2081 1664 2194 illaquam
1689 2102 1782 2182 cot,-

205 2235 284 2322 pus
304 2207 463 2322 implet,
489 2231 665 2322 quaeque
685 2207 790 2292 adeo
814 2228 1004 2294 movetur
1030 2233 1108 2294 una
1135 2231 1231 2294 curn
1259 2213 1375 2295 navi:
1413 2209 1456 2293 bt
1475 2210 1592 2322 quies
1617 2208 1784 2295 relativa

205 2333 267 2421 est
288 2334 517 2448 permanfio
544 2333 730 2448 corporis
751 2333 793 2418 in
821 2333 966 2419 eadem
989 2335 1055 2420 illa
1081 2336 1191 2420 navis
1217 2337 1387 2446 regione
1406 2332 1472 2422 vel
1498 2355 1611 2448 parte
1632 2337 1783 2422 cavita-

205 2463 271 2548 tis.
324 2463 386 2546 At
423 2459 539 2574 quies
575 2485 670 2544 vera
701 2459 758 2545 est
789 2457 1016 2571 permanfio
1054 2465 1238 2573 corporis
1270 2467 1312 2553 in
1344 2462 1489 2548 eadem
1521 2479 1636 2574 parte
1666 2461 1781 2576 spatii

204 2587 311 2674 illius
338 2583 515 2683 immoti,
546 2584 587 2669 in
622 2613 701 2700 qua
730 2587 840 2672 navis
872 2583 953 2696 ipsa
977 2613 1056 2670 una
1085 2613 1182 2674 cum
1209 2589 1382 2674 cavitate
1410 2590 1476 2676 sua
1507 2587 1784 2676 &contentis

205 2707 402 2795 universas
433 2727 633 2793 movetur.
695 2705 819 2794 Unde
848 2705 876 2791 fi
912 2727 1135 2797 tentavere
1156 2709 1349 2824 quiescat,
1387 2735 1549 2824 eorpus,
1575 2707 1689 2826 quod
1717 2739 1784 2798 re·

209 2838 336 2922 lative
366 2835 538 2949 quiescit
568 2836 610 2919 in
638 2835 744 2932 navi,
784 2833 1027 2956 movebitur·
1045 2863 1143 2923 vere
1172 2837 1420 2924 &absolute
1452 2859 1612 2926 earum
1632 2832 1784 2929 veloci·

208 2977 310 3058 rate,
331 2985 412 3072 qur
431 2961 540 3044 navis
559 2977 748 3044 movetur
774 2962 817 3045 in
841 2981 959 3044 terra.
1018 2957 1088 3047 Sin
1110 2983 1216 3048 tetra
1237 2965 1359 3048 etiam
1388 2983 1626 3061 moveatura
1675 2965 1783 3051 otie-

209 3109 279 3172 tur
310 3109 430 3171 verus
458 3085 502 3170 δε
527 3083 730 3172 absolutus
752 3087 937 3198 corporis
964 3107 1114 3188 motus,
1150 3091 1298 3202 partlm
1319 3113 1373 3175 ex
1397 3112 1517 3176 terrae
1536 3113 1655 3178 motu
1679 3113 1786 3179 veto

208 3217 255 3300 in
286 3211 416 3326 spatio
451 3213 647 3310 immoto,
704 3215 850 3322 partim
885 3241 938 3297 ex
966 3216 1077 3299 navis
1109 3237 1227 3302 motu
1262 3217 1431 3302 relativo
1469 3217 1512 3303 in
1558 3239 1680 3305 terta.
1724 3213 1785 3308 Et

208 3339 242 3423 fi
275 3361 423 3448 corpus
455 3338 577 3421 etiam
608 3357 821 3420 moveatur
849 3337 1014 3422 relative
1038 3341 1079 3423 in
1107 3345 1226 3439 navi;
1258 3343 1414 3446 orietur
1439 3365 1558 3431 verus
1589 3343 1673 3454 ejus
1694 3371 1783 3434 mo·

211 3485 295 3558 tus‚
336 3461 484 3572 partim
504 3483 557 3543 ex
578 3483 681 3544 vero
701 3477 818 3542 motu
848 3481 966 3546 terrae
996 3463 1038 3548 in
1066 3465 1193 3576 spatio
1216 3469 1406 3568 immoto,
1433 3471 1658 3582 partimur
1684 3477 1784 3564 rela-

211 3589 309 3676 tivis
336 3587 515 3674 motibus
544 3607 633 3671 turn
660 3587 772 3672 navis
798 3585 840 3673 in
870 3610 977 3680 terra
1005 3612 1093 3676 turn
1124 3595 1309 3704 corporit
1339 3595 1382 3681 in
1416 3599 1535 3684 navi:
1575 3595 1619 3684 ὅτ
1643 3623 1697 3690 ex
1721 3606 1786 3694 his

212 3718 396 3807 motibus
432 3715 608 3801 relativis
649 3717 805 3801 orietur
831 3721 1015 3830 corporis
1041 3741 1175 3808 motus
1201 3721 1389 3810 relativus
1417 3727 1459 3812 in
1490 3749 1607 3814 terra.
1664 3724 1723 3820 Ut
1753 3733 1784 3822 st

215 3869 338 3932 terrae
364 3869 453 3956 pars
486 3843 564 3939 illa,
591 3842 662 3927 ubi
689 3844 800 3928 navis
822 3843 1014 3946 versatur,
1041 3868 1254 3935 moveatur
1276 3877 1374 3935 vere
1398 3853 1440 3936 in
1460 3857 1659 3946 orientem
1687 3887 1784 3948 cum

216 3973 438 4057 velocitate
461 3971 636 4080 partium
668 3995 830 4064 motor
870 3970 913 4054 ἃ
939 3975 1037 4059 velis
1067 3997 1274 4092 ventoque
1295 3979 1448 4066 feratur
1471 3985 1581 4070 navis
1601 3987 1643 4073 in
1675 3991 1785 4077 occi-

218 4099 389 4186 dentem
421 4119 516 4180 cum
541 4095 757 4180 velocitate
791 4101 964 4208 partium
1001 4101 1180 4197 decema
1224 4125 1344 4189 nauta
1371 4129 1507 4194 autem
1536 4113 1713 4200 ambulet
1741 4119 1785 4206 in

217 4227 311 4310 navi
349 4220 550 4306 on‘entem
579 4221 714 4305 versus
741 4249 836 4308 cum
864 4227 1088 4312 velocitatis
1115 4249 1229 4342 parte
1254 4255 1362 4314 una:
1404 4236 1637 4323 movebitur
1664 4264 1785 4332 nauta

218 4374 317 4434 vete
338 4343 382 4430 δε
403 4343 612 4431 absolute'
600 4373 642 4429 tn
669 4345 833 4458 spatio
822 4371 999 4435 immoto
1026 4377 1122 4436 cum
1144 4354 1370 4442 velocitatis
1393 4359 1571 4471 patribus
1595 4391 1720 4450 10001
1742 4371 1786 4480 in

221 4477 437 4572 orientem,
476 4471 761 4558 &relative
751 4505 793 4562 tn
829 4498 937 4562 terra
970 4479 1233 4566 occidentem
1270 4483 1402 4635 versus
1436 4515 1530 4574 cum
1561 4493 1787 4586 velocitatis

221 4598 401 4713 partibus
428 4627 590 4686 novem.

276 4725 462 4868 Tempus
498 4730 723 4816 absolutum
750 4734 961 4818 arelativo
986 4735 1286 4845 distinguitur
1276 4767 1317 4824 tn
1346 4741 1604 4829 Astronomia
1634 4773 1707 4856 per
1732 4775 1782 4834 ae

224 4853 461 4994 quationem
500 4859 693 4968 temporis
731 4859 852 4966 vulgi
922 4859 1139 4972 lnaequales
1173 4866 1281 4955 enim
1322 4864 1411 4949 sunt
1452 4869 1538 4952 dies
1570 4873 1789 4974 naturales¹

225 4980 296 5092 qui
321 4977 446 5086 vulgo
474 4995 663 5092 tanquam
691 4983 862 5092 aequales
880 5008 957 5095 pro
976 4982 1161 5070 mensura
1183 4988 1377 5095 temporis
1397 4990 1606 5076 habentur
1663 4993 1787 5086 Hanc

1614 5117 1793 5242 inaequa·
