4338 5656
262 423 429 508 DrMonnr

256 505 439 570 sternuere

464 245 563 369 482
741 239 1278 344 ruttosormre
1325 191 1800 345 martinatis

462 415 609 502 sellum
629 411 699 514 est,
722 413 837 530 quod
857 435 1033 504 cometae
1054 439 1196 500 omnes
1221 415 1264 500 in
1282 415 1487 526 periheliis
1510 415 1576 500 vel
1601 413 1707 499 infra
1725 413 1937 500 saturnum
1961 421 2045 506 col·

467 540 630 626 locandi
655 538 743 636 sint,
770 537 834 624 vel
866 565 950 624 non
969 539 1091 650 longe
1118 539 1245 650 supra.
1301 535 1449 625 Errant
1472 539 1598 648 igitur
1617 557 1709 621 toto
1730 539 1861 639 coelo,
1877 549 1954 653 qui
1974 567 2044 626 co.

468 689 593 752 metas
621 665 664 750 in
694 665 908 774 regionem
939 665 1111 750 fixarum
1142 690 1272 776 prope
1301 665 1512 774 ablegant:
1539 690 1620 778 qua
1640 685 1757 748 certe
1777 665 2048 753 rationenon-

466 794 594 900 magis
619 789 799 874 illustrari
826 790 1025 874 deberent
1053 788 1178 876 asole
1204 787 1357 890 nostru,
1385 815 1508 904 quam
1536 792 1729 903 planete,
1754 791 1827 904 qui
1849 791 1919 874 iric
1938 789 2042 890 sunt,
2139 879 2140 882 a

463 909 707 1001 illustrantur
733 943 755 997 a
781 911 900 997 stellis
918 911 1020 998 fixis.

520 1035 630 1124 Haec
658 1037 948 1150 disputavimus
976 1063 1061 1123 non
1089 1037 1388 1124 confiderando
1416 1037 1752 1127 obscurationem
1786 1057 2049 1125 cometarum

464 1189 539 1278 per
561 1165 720 1249 sumum
741 1163 855 1248 illum
883 1163 1060 1248 maxime
1087 1159 1301 1277 copiosum
1331 1163 1374 1248 δι
1398 1161 1585 1266 crassum,
1616 1192 1704 1279 qno
1734 1189 1857 1276 caput
1878 1169 2039 1250 cirron
2141 1163 2142 1184 ³

465 1289 599 1388 datur,
627 1288 736 1402 quast
762 1315 835 1400 per
865 1289 1017 1374 nubem
1039 1289 1179 1374 obtuse
1203 1289 1361 1400 semper
1381 1287 1533 1375 lucens.
1584 1287 1694 1374 Nam
1716 1309 1876 1400 quant-o
1898 1288 2040 1374 obscu-

463 1415 546 1497 rius
576 1412 764 1498 redditur
795 1437 944 1526 corpus
970 1437 1044 1526 per
1073 1415 1181 1499 hunc
1203 1413 1379 1510 sumum,
1411 1432 1527 1499 tanto
1551 1416 1719 1526 propius
1744 1415 1796 1500 ad
1825 1414 1957 1499 solem
1975 1442 2039 1498 ac·

463 1537 585 1623 cedat
608 1533 766 1624 necesse
783 1537 855 1636 est,
883 1557 928 1622 ut
948 1541 1066 1652 copia
1081 1541 1181 1626 lucis
1200 1567 1223 1624 a
1240 1539 1280 1624 se
1298 1537 1467 1624 reflexae
1488 1539 1666 1655 planetas
1685 1541 1912 1625 amuletur.
1936 1537 2042 1624 Inde·

464 1659 678 1744 rerifimile
710 1661 757 1744 sit
791 1681 973 1746 cometas
1001 1663 1123 1772 longe
1153 1663 1255 1747 infra
1280 1661 1476 1776 sphaeram
1502 1661 1654 1749 saturni
1681 1661 1950 1760 descendere,
1975 1659 2034 1744 uri

465 1809 519 1867 ex
540 1785 726 1894 parallaxi
755 1785 1027 1893 probavimus.
1081 1783 1196 1871 Idem
1224 1809 1467 1900 veroquam
1490 1785 1668 1872 maxime
1693 1783 1964 1870 confirmatur
1983 1809 2041 1867 ex

464 1903 615 1988 caudis.
674 1901 758 1986 Hae
776 1905 840 1987 vel
870 1931 922 1990 ex
946 1903 1176 1991 reflexione
1204 1905 1305 1990 sumi
1334 1905 1451 2018 sparsi
1482 1929 1556 2018 per
1582 1905 1749 2004 aethera,
1776 1907 1845 1988 vel
1865 1931 1916 1989 err
1939 1907 2035 1988 lucc

457 2029 603 2141 ‘capitis
630 2027 830 2112 oriuntur.
887 2027 1030 2116 Priore
1053 2027 1144 2115 casu
1166 2031 1386 2117 minuenda
1404 2029 1464 2116 est
1483 2030 1666 2117 distantia
1682 2049 1954 2128 cometarum,
1977 2055 2039 2114 ue·
2141 2067 2142 2074 Ν

460 2151 597 2268 sumus
623 2179 646 2236 a
675 2152 808 2263 capite
832 2149 988 2264 semper
1015 2173 1131 2239 otrus
1156 2179 1230 2266 per
1248 2153 1370 2266 spatia
1392 2155 1512 2241 nimis
1534 2157 1663 2268 ampla
1684 2155 1919 2240 incredibili
1939 2181 2040 2240 cum·

459 2279 680 2364 velocitate
701 2276 744 2361 δε
763 2277 1007 2388 expansrone
1027 2298 1287 2390 propagetur.
1342 2277 1385 2366 ln
1406 2279 1631 2390 posteriore
1652 2279 1873 2366 referenda
1892 2281 1952 2366 cll
1966 2284 2040 2366 lux.
2141 2311 2142 2392 3

455 2401 593 2485 'omnis
612 2421 695 2484 tarn
713 2397 854 2484 caudae
875 2425 998 2512 quam
1018 2401 1198 2512 capillitii
1222 2401 1278 2484 ad.
1299 2401 1497 2487 nucleum
1517 2401 1672 2514 capitis.
1734 2399 1911 2511 igitursr
1937 2429 2034 2489 oon·
2141 2413 2142 2490 ξ

452 2525 656 2637 'cipiamnr
684 2527 820 2610 lucem
846 2521 949 2612 han'c
977 2551 1144 2612 omnem
1168 2527 1409 2636 congregati
1439 2523 1483 2612 dc
1502 2527 1608 2613 intra
1627 2525 1788 2612 discum
1806 2527 1938 2613 nuclei
1959 2557 2031 2614 co·

459 2649 617 2746 atelani,
643 2652 811 2736 nucleus
841 2651 909 2736 ille
932 2651 1017 2760 jam
1036 2670 1164 2749 certe,
1189 2655 1353 2765 quoties
1370 2651 1544 2738 caudam
1568 2651 1790 2740 maximam
1810 2651 1854 2736 o
1873 2651 2040 2764 fulgen«

457 2771 649 2856 tillimam
683 2775 860 2872 emittit,
902 2775 1041 2884 jovem
1079 2774 1210 2886 ipsum
1247 2775 1466 2889 splendore
1502 2775 1576 2862 suo
1606 2775 2042 2890 multumsoperabit..

455 2895 627 2982 Minore
657 2895 782 3006 igitur
809 2921 905 2984 cum
932 2897 1136 2986 diametro
1164 2919 1384 3012 apparente
1411 2902 1499 3012 plus
1526 2901 1629 2986 lucis
1657 2903 1860 2997 emittens,
1893 2903 2043 2988 multo-

455 3021 583 3132 magis
600 3019 860 3108 illustrabitur
878 3050 899 3108 a
918 3021 1015 3120 sole,
1035 3022 1216 3136 ideoque
1236 3024 1315 3108 erit
1334 3023 1407 3110 soli
1426 3023 1559 3110 multo
1578 3025 1765 3137 propior.
1788 3020 2042 3138 Quinetiam

457 3145 589 3256 capita
615 3143 686 3228 sub
706 3143 789 3230 sole
810 3144 1102 3243 delitescentia,
1130 3141 1174 3229 dr
1200 3144 1348 3231 caudas
1371 3171 1470 3232 cunt
1487 3149 1683 3232 maximas
1709 3163 1796 3232 tum
1817 3147 2027 3254 fulgentis
2141 3163 2142 3168 ‘

455 3265 570 3354 simas
595 3267 715 3354 instar
754 3266 928 3355 trabium
954 3269 1173 3380 ignitarum
1204 3292 1498 3384 nonnunquam
1530 3270 1776 3368 emittentia,
1799 3269 2029 3356 eodemar·

447 3411 656 3502 gumento
683 3393 785 3479 infra
806 3395 949 3479 orbem
979 3395 1139 3479 veneris
1158 3393 1349 3479 collocari
1369 3393 1537 3481 debent.
1592 3395 1697 3480 Nam
1716 3395 1790 3478 lux
1811 3391 1877 3478 rlla
1896 3395 2039 3481 omnis·

455 3517 545 3602 fiin
566 3517 714 3604 stellam
734 3517 974 3628 congregari
994 3515 1255 3629 supponatur,
1276 3516 1401 3629 ipsam
1419 3532 1613 3606 venerem
1631 3545 1686 3604 ne
1706 3509 1845 3604 dicam
1855 3539 2039 3606 veneres>

452 3639 589 3747 plures
607 3637 838 3746 conjuntlas
858 3640 1107 3753 quandoque
1125 3639 1353 3750 superaret..

511 3760 633 3846 idem.
647 3761 827 3874 denique
848 3763 1054 3873 colligitur
1083 3787 1136 3846 ex
1167 3763 1261 3848 luce
1279 3761 1460 3874 capitum
1483 3762 1693 3848 crescente
1712 3763 1756 3847 in
1774 3757 2037 3850 recessu-‘co—

454 3906 656 3972 metarum
682 3915 705 3970 a
734 3905 840 3972 terra
870 3887 996 3974 solem
1023 3886 1172 3986 versut,
1208 3913 1255 3970 ac
1279 3885 1546 3974 decrescente
1570 3888 1613 3973 in
1639 3911 1787 3972 eorum
1814 3883 1971 3975 recessu
1999 3918 2033 3974 a..

452 4013 537 4119 sole
565 4010 700 4096 versus
728 4029 890 4096 terram.
948 4009 1014 4097 Sic
1040 4013 1150 4097 enim
1177 4029 1342 4099 cometa
1367 4011 1569 4126 posterior
1592 4011 1687 4095 anni
1723 4015 1828 4115 1665
1866 4011 2025 4120 (obser-
2141 4075 2142 4122 ³

445 4156 572 4222 vante
591 4135 782 4248 Hevelio)
810 4161 863 4220 ert
887 4161 972 4249 quo
999 4135 1177 4248 conspici
1212 4137 1358 4250 caepit,
1384 4136 1620 4223 remittebat
1646 4135 1809 4248 semper
1832 4137 1887 4222 de
1903 4157 2036 4224 motu,
2141 4147 2142 4228 ξ

452 4257 525 4344 suo
542 4277 776 4370 apparente,
794 4255 974 4372 ideoque
987 4259 1238 4370 praeterierat
1260 4259 1513 4370 peri'gaeuma
1548 4256 1741 4370 splendor
1756 4283 1856 4344 vero
1875 4259 2038 4370 capitia-

452 4381 715 4488 nihilominus
731 4380 863 4468 indies
883 4383 1105 4480 crescebat,
1129 4381 1258 4494 usque
1279 4379 1380 4466 dum
1406 4397 1569 4466 cometa
1594 4381 1717 4467 radiis
1735 4379 1921 4467 solaribus
1941 4379 2023 4465 ob.-

452 4501 582 4589 tedius
609 4505 726 4589 desiit
753 4529 958 4617 apparere.
1014 4505 1191 4593 Cometa
1218 4506 1320 4592 anni.
1343 4503 1440 4606 1683
1473 4501 1736 4610 (observante
1765 4501 1916 4591 eodem
1933 4495 2030 4589 He·-

454 4627 579 4742 v'elir)
607 4630 649 4714 in
682 4627 763 4714 fine
795 4630 938 4716 mensas
970 4631 1073 4741 julii,
1104 4630 1175 4715 ubi
1207 4629 1387 4743 primum
1419 4625 1657 4740 conspeslus
1683 4630 1755 4732 est,
1793 4627 2033 4718 tardiffime·

453 4758 707 4859 movebatur,
734 4755 889 4844 minuta
907 4760 1036 4872 prima
1059 4785 1112 4867 4o
1133 4755 1198 4844 vel
1226 4781 1278 4864 45
1301 4752 1467 4843 circiter
1484 4751 1646 4868 singtilis
1671 4755 1819 4846 diehm
1844 4757 1890 4847 in
1917 4757 2021 4844 orbe

1941 4877 2038 4966 suo·
