4352 5646
453 265 550 402 356
707 261 1234 364 iiiitosoriiin
1278 257 1742 361 maturatis

237 441 428 584 &amris
452 522 668 585 numerum
689 493 968 602 2,302585093
990 491 1046 578 eil
1064 491 1113 576 ad
1133 514 1348 578 numerum
1374 441 1448 637 ἐς,
1490 513 1565 602 per
1597 485 1724 572 corol.
1754 510 1844 570 vii.
1890 512 2012 600 prop.-

449 696 575 756 xirxv.
628 670 671 756 li
702 669 880 756 motibus
910 665 1035 752 tardis
1055 663 1271 750 resslentia
1293 662 1424 775 potest
1444 656 1523 745 esse
1550 661 1671 772 paulo
1698 660 1852 758 minor,
1888 686 2015 772 prop-

451 811 562 880 terea
580 795 694 910 quod
714 795 841 906 figura
860 789 970 902 globi
992 791 1113 902 paulo
1139 788 1274 900 aptior
1297 786 1344 872 sit
1369 785 1419 870 ad
1450 804 1611 869 motum
1640 809 1763 897 quam
1789 784 1919 893 ligura
1945 810 2014 892 cy·

448 919 572 1003 lindri
602 919 748 1004 eadem
786 918 988 1002 diametro
1017 913 1224 1026 descripti.
1279 909 1323 996 sii
1351 909 1528 996 motibus
1561 909 1768 994 velocibus
1797 908 2013 994 resistentia

452 1040 587 1151 potest
616 1039 695 1128 esse
731 1042 851 1154 paulo
876 1037 1018 1148 major,
1055 1054 1275 1150 propterea
1307 1035 1424 1148 quod
1453 1033 1660 1118 elasticitas
1690 1031 2012 1144 &compressio
2140 1029 2141 1040 '

452 1162 569 1248 fluidi
586 1191 671 1252 noti
699 1184 920 1274 augeantur
939 1163 982 1247 in
1001 1162 1208 1274 duplicata
1226 1161 1384 1246 ratione
1405 1155 1645 1244 velocitatis.
1700 1155 1783 1244 Sed
1811 1157 2013 1267 huiusmo-

422 1281 425 1288 ’
453 1285 499 1370 di
521 1288 707 1374 minutias
726 1288 794 1374 bic
819 1313 904 1374 noti
929 1285 1137 1400 expendo.

508 1407 564 1495 Et
585 1414 769 1526 quamvis
796 1421 879 1510 a'e'r,
904 1439 1022 1528 aqua,
1050 1427 1263 1521 argentum
1288 1409 1428 1492 vivum
1458 1404 1502 1490 &
1527 1403 1665 1490 similia
1688 1402 1828 1503 fluida,
1856 1433 1932 1518 per
1954 1407 2013 1492 di.

454 1533 651 1621 visionem
681 1538 859 1649 partium
888 1536 931 1622 iti
959 1535 1177 1632 infinitum,
1202 1531 1500 1617 subtiliatentur
1527 1527 1570 1612 dc
1599 1527 1744 1616 fierent
1770 1530 1906 1614 media
1931 1530 2015 1613 inli-

455 1656 542 1742 nite
567 1655 733 1760 fluida;
767 1681 905 1746 tamen
938 1658 1069 1770 globis
1104 1653 1292 1771 projeti'is
1314 1654 1423 1740 baud
1453 1654 1586 1741 mitius
1615 1650 1852 1739 refillerent.
1908 1653 2014 1740 Nam

456 1779 688 1884 resistentia,
716 1785 770 1870 de
795 1811 876 1896 qua
905 1786 1037 1892 agitur
1063 1783 1107 1869 iii
1134 1779 1483 1894 propositionibus
1509 1776 1849 1892 procedentibus,
1884 1778 2015 1862 oritur

456 1902 507 1987 ab
526 1906 670 1991 inertia
689 1909 897 2003 materiae;
926 1907 1141 1991 &inertia
1168 1903 1347 1990 materiae
1379 1900 1621 2014 corporibus
1652 1897 1863 1984 edentulis
1894 1901 1954 1986 est
1973 1899 2014 1984 dc

458 2031 673 2138 quantitati
697 2033 877 2118 materiae
901 2029 1060 2143 semper
1087 2027 1415 2143 proportionalis.
1471 2025 1550 2110 Per
1576 2023 1815 2110 divisionem
1842 2026 2016 2137 partium

457 2149 819 2268 fluidi,resi-ssentia
838 2181 930 2268 quae
944 2156 1075 2239 oritur
1093 2151 1347 2238 atenacitate
1371 2148 1413 2234 δι
1432 2145 1621 2234 fridione
1645 2149 1823 2262 partium
1847 2144 2014 2234 diminui

456 2279 627 2391 quidem
653 2280 816 2392 potest:
844 2279 915 2362 sed
935 2276 1138 2393 quantitas
1159 2275 1341 2360 materie
1370 2297 1446 2387 per
1471 2269 1713 2358 divisionem
1740 2273 1917 2384 partium
1936 2273 2015 2380 ejus

457 2406 844 2498 noti.diminuitur;
885 2403 929 2486 δι
959 2417 1149 2488 manente
1182 2401 1410 2512 quantitate
1444 2397 1640 2496 materiae,
1674 2415 1812 2482 manet
1839 2397 1926 2503 ejus
1959 2397 2015 2484 vis

456 2525 631 2628 inertie,
646 2531 714 2614 cui
736 2526 967 2622 resistentia,
992 2524 1046 2610 de
1063 2551 1144 2638 qua
1163 2525 1231 2608 liic
1250 2523 1399 2630 agitur,
1426 2519 1586 2636 semper
1611 2522 1926 2635 proportionalis
1947 2523 2040 2612 est...

455 2649 516 2738 Ut
539 2653 629 2740 haic
652 2653 872 2741 resistentia
890 2651 1154 2746 diminuatur,
1185 2648 1358 2732 diminui
1387 2645 1512 2732 debet
1537 2647 1740 2759 quantitas
1768 2647 1945 2732 materiai
1970 2649 2026 2734 iri

456 2777 592 2891 spatiis
620 2807 694 2892 per
716 2805 808 2891 quae
836 2802 1013 2889 corpora
1038 2793 1270 2859 moventur.
1294 2883 1298 2889 .
1325 2769 1381 2856 Et
1416 2790 1636 2885 propterea
1671 2769 1797 2882 spatia
1826 2771 2016 2870 coeleslia,

459 2927 535 3015 per
553 2925 648 3014 quaa
667 2903 777 3010 globi
799 2901 1050 3013 planetarum
1076 2896 1121 2982 dr
1144 2891 1400 2983 cometarum
1421 2899 1463 2981 iri
1485 2922 1630 2982 omnes
1656 2915 1793 3009 partes
1815 2896 2015 2985 liberrime

458 3026 506 3113 de
525 3023 608 3110 sine
624 3023 737 3109 omni
757 3045 900 3108 motus
912 3022 1185 3108 diminutione
1211 3019 1381 3106 sensibili
1405 3042 1862 3134 perpetuosmouentun
1887 3020 2016 3108 fluido

457 3149 573 3239 omni
599 3173 806 3262 corporeo
832 3145 1121 3244 destituuntur,
1158 3143 1320 3229 sisorte
1346 3169 1518 3257 vapores
1547 3146 1670 3254 louge
1691 3145 1944 3233 ‘tenuissimos
1971 3147 2016 3234 dr

458 3271 644 3381 trajeslos
662 3271 762 3358 lucis
780 3270 916 3356 radios
939 3269 1136 3382 excipias,

511 3395 741 3506 PioJeslilia
770 3395 914 3508 utique
943 3413 1104 3478 motum
1133 3391 1244 3478 cient
1277 3392 1318 3478 iii
1353 3390 1491 3478 fluidis
1523 3395 1848 3507 progrediendo,
1880 3396 1926 3482 dc
1953 3397 2017 3483 bic

457 3540 595 3610 motus
606 3521 738 3606 oritur
756 3520 806 3605 ab
825 3515 987 3604 excessu
1009 3515 1222 3631 preslionis
1250 3515 1370 3602 fluidi
1390 3517 1446 3602 ad
1474 3518 1693 3632 projestilis
1713 3541 1848 3632 partes
1871 3523 2021 3608 anticas

458 3639 585 3758 supra
601 3641 846 3752 pressionem
873 3639 930 3724 ad·
950 3637 1034 3746 ejus
1060 3647 1193 3750 partes
1219 3639 1404 3750 posticas,
1433 3637 1477 3724 81
1505 3666 1590 3728 nou
1616 3642 1753 3728 minor
1778 3640 1857 3729 esse
1884 3647 2023 3755 potest

460 3767 505 3854 iii
530 3765 677 3853 inediis
713 3763 870 3849 infinite
898 3761 1035 3848 fluidis
1061 3787 1188 3876 quani
1211 3762 1254 3848 in
1283 3789 1396 3861 aerea.
1426 3789 1530 3878 aqua
1557 3765 1600 3850 δι
1622 3786 1792 3878 argento
1818 3769 1911 3852 vivo
1939 3795 2024 3881 pro

459 3889 658 3978 densitate
686 3886 866 3974 mateiiae
894 3889 943 3972 in
964 3885 1137 3995 singulis.
1190 3883 1278 3973 Hic
1311 3907 1447 3975 autem
1476 3889 1689 4000 preslionis
1712 3887 1916 3988 excelsus,
1943 3919 2026 4007 pro

460 4014 686 4134 quantitate
717 4011 804 4110 sua,
830 4035 914 4098 non
947 4029 1103 4094 tantuin
1135 4029 1296 4112 motum
1328 4012 1409 4095 ciet
1439 4011 1482 4096 iii
1508 4010 1655 4111 fluido,
1689 4013 1760 4098 sed
1789 4015 1916 4100 etiam
1945 4018 2028 4126 agit

459 4151 501 4234 iii
528 4135 736 4253 projetlile
762 4136 814 4221 ad
845 4154 1005 4222 motum
1035 4132 1122 4243 eJus
1140 4135 1455 4223 retardandum:
1493 4133 1538 4220 δι
1567 4157 1786 4251 propterea
1804 4139 2027 4226 refistentia

460 4266 512 4350 'ui
536 4263 648 4350 omni
675 4259 808 4370 fluido
843 4259 902 4344 est
931 4279 977 4342 ut
1013 4277 1150 4345 motus
1176 4258 1221 4344 iii
1249 4258 1381 4344 fluido
1409 4287 1431 4345 a
1459 4257 1659 4370 projetiili
1689 4264 1903 4361 excitatus,
1943 4288 2027 4351 nec

461 4385 598 4472 mitior
622 4384 701 4474 eise
720 4381 853 4498 potest
878 4381 1093 4468 inaeibere
1115 4380 1368 4468 subtilillinio
1395 4407 1472 4494 pro
1489 4382 1685 4470 densitate
1710 4387 1884 4485 aetlieiis,
1900 4373 2028 4502 quam

458 4513 503 4598 ‘iii
527 4515 634 4611 aliie,
659 4507 824 4622 aqua&
843 4525 1014 4620 argento
1041 4507 1139 4594 uiuo
1165 4529 1243 4618 pro
1270 4505 1530 4598 densitatibus
1551 4511 1701 4598 borum
1720 4509 1979 4600 fluidorumt

1775 4991 2042 5086 auctio·
