4312 5652
381 194 1418 318 antuorvtnarntuenavrcn.
1613 241 1709 340 aaa

96 383 251 475 fatam
283 389 503 502 ellipticam
529 405 615 470 tum
636 383 811 470 maxime
838 382 1054 480 accedunt,
1081 382 1154 468 ubi
1183 385 1370 468 atttadlio
1393 379 1502 464 MN
1514 382 1577 464 vel
1599 385 1704 464 nulla

100 513 185 610 ell,
220 517 295 599 vel
327 539 447 628 quarn
477 513 565 594 lieri
599 507 720 620 polltt
750 509 941 606 minima,
979 510 1059 594 hoc
1091 507 1162 606 est,
1197 510 1268 594 ubi
1292 535 1514 618 corporum
1543 509 1586 590 P
1608 505 1649 590 δι
1674 503 1715 590 T

100 638 394 721 attradtiones
426 635 747 728 acceleratrices,
784 632 899 716 sadae
930 632 1065 716 versus
1094 657 1242 742 corpus
1273 629 1317 728 S,
1354 631 1556 716 accedunt
1583 655 1716 744 quan«

102 772 205 842 t'urn
228 761 330 846 freri
360 761 492 874 potell
518 759 570 845 ad
601 757 898 870 aequalitatema
928 753 1071 850 idest,
1109 757 1179 840 ubi
1210 755 1406 840 attradlio‘
1425 754 1515 836 ΣΝ
1536 782 1618 838 non
1649 757 1708 840 cll

93 885 246 979 nulla,
278 910 418 999 neque
439 885 574 971 minor
595 883 761 966 minima
778 879 1062 966 attradiionum
1081 881 1266 967 omnium
1295 878 1399 975 SM,
1428 880 1496 962 sed
1520 881 1625 964 inter
1651 901 1718 962 at«

104 1009 387 1094 tradiionum
421 1007 607 1090 omnium
641 1003 738 1086 SM
767 1005 984 1088 maximam
1009 1003 1053 1088 dc
1089 1005 1299 1088 minimam
1333 1003 1442 1116 quast
1476 1003 1716 1100 mediocris,-

101 1135 200 1218 hoe
217 1134 303 1231 est,
319 1160 405 1218 non
418 1133 550 1216 multo
570 1128 696 1236 major
714 1153 848 1243 neque
868 1130 997 1214 multo
1014 1128 1147 1214 minor
1167 1126 1405 1213 attraslione
1421 1126 1504 1211 SK.
1532 1127 1705 1242 α62114351).

175 1261 289 1364 Cas
305 1288 342 1339 2.
370 1256 650 1340 Revolvantut
671 1253 754 1362 jam
779 1279 953 1364 corpora
979 1255 1139 1339 minora
1159 1254 1215 1352 P,
1236 1252 1270 1336 S
1294 1253 1403 1336 circa
1430 1253 1652 1336 maximum
1673 1252 1719 1335 T·

106 1383 159 1466 in
196 1384 339 1494 planis
365 1378 557 1476 diversrs;
598 1377 641 1462 δι
668 1380 726 1463 vis
756 1376 877 1476 LM,
911 1377 1075 1489 agendo
1105 1377 1329 1464 secundum
1362 1377 1507 1460 lineam
1538 1377 1637 1458 PT
1661 1378 1722 1462 in·-

109 1507 257 1616 plano
286 1504 431 1587 orbitae
452 1503 542 1586 PA
548 1500 587 1582 B
606 1501 732 1598 suam,
759 1501 940 1586 eundem
960 1501 1123 1586 habebit
1144 1497 1335 1586 effectum
1354 1525 1399 1583 ac
1419 1497 1542 1609 prius,
1570 1526 1705 1613 neque

110 1655 288 1742 corpus
317 1631 360 1714 P
382 1627 437 1712 de
465 1627 585 1739 plano
611 1625 757 1712 orbitae
782 1625 862 1745 suae
890 1625 1137 1714 deturbabit.
1192 1629 1252 1710 At
1279 1627 1338 1712 vis
1364 1627 1487 1714 altera
1514 1625 1565 1707 N
1570 1625 1635 1724 M,
1663 1655 1706 1711 a·

114 1755 279 1864 gendo
319 1751 544 1838 secundum
575 1752 722 1836 lineam
758 1775 852 1865 quae
880 1751 953 1863 ipsr
980 1752 1063 1838 ST
1096 1753 1281 1866 parallela
1315 1749 1372 1835 est
1409 1755 1563 1863 (atque
1594 1751 1706 1848 ideo,

112 1881 473 1996 quandocorpus
497 1879 529 1961 S
552 1877 731 1962 versatur
757 1896 872 1963 extra
899 1879 1045 1964 lineam
1074 1877 1295 1974 nodorum,
1321 1875 1535 1960 inclinatur
1553 1877 1603 1960 ad
1626 1879 1706 1986 pla·

115 2033 234 2094 num
255 2005 404 2091 otbitae
415 2001 561 2114 PAB)
575 2023 724 2114 praeter
739 2003 1089 2114 perturbationem
1106 2025 1239 2088 motus
1254 2005 1296 2087 in
1310 2003 1609 2112 longitudinem
1622 2003 1724 2111 jam‘

118 2153 229 2218 ante
256 2128 496 2242 expolitam,
529 2128 700 2212 inducet
724 2131 1073 2238 perturbationem
1106 2150 1242 2216 motus
1263 2129 1303 2212 in
1333 2128 1600 2225 latitudinem,
1628 2121 1726 2214 tra-s

119 2257 282 2344 hendo
302 2280 451 2365 corpus
473 2254 516 2338 P
533 2251 586 2336 de
607 2255 728 2364 plano
755 2251 837 2338 suu
854 2255 1012 2340 orbitat
1068 2253 1122 2340 Et
1149 2256 1237 2341 haec
1256 2254 1522 2366 perturbatio,
1550 2255 1591 2338 in
1607 2254 1727 2338 dato

121 2379 285 2496 quovis
313 2401 535 2488 corporum
562 2375 605 2458 P
631 2376 676 2459 δι
700 2375 742 2460 T
752 2376 805 2461 ad
830 2379 1008 2464 invicem
1036 2378 1127 2477 satu,
1161 2380 1239 2464 erit
1268 2399 1313 2461 ut
1340 2378 1399 2462 vis
1421 2379 1486 2462 illa
1513 2405 1709 2488 generans

125 2504 266 2603 MN,
298 2503 479 2616 ideoque
513 2502 680 2587 minima
717 2501 864 2588 evadet
896 2503 967 2590 ubi
991 2503 1109 2586 MN
1124 2503 1183 2616 ell
1212 2504 1392 2602 minima,
1433 2505 1513 2590 lroc
1541 2507 1598 2592 eli
1627 2505 1718 2616 (uri¹

121 2629 216 2738 jam
246 2627 431 2739 exposui)
458 2627 528 2710 ubi
557 2625 745 2712 attradio
772 2625 867 2710 SN
882 2653 968 2714 non
999 2629 1058 2714 est
1083 2631 1387 2732 multo-major,
1415 2654 1549 2742 neque
1578 2635 1708 2716 multo

127 2751 278 2838 minor
297 2747 534 2834 attradlione
554 2748 650 2831 SK.
708 2748 829 2864 QE.
845 2751 912 2834 D:

193 2876 326 2960 Coros.
350 2901 383 2958 1.
419 2869 486 2957 Ex
504 2872 565 2956 his
596 2869 714 2954 facile
741 2873 961 2985 colligitur,
987 2875 1118 2990 quod,
1146 2873 1175 2960 sr
1206 2899 1380 2986 corpora
1405 2875 1532 2987 plura·
1550 2877 1719 2965 minora·-

130 2999 206 3098 P,
218 2997 262 3095 S,
281 2997 336 3096 R,
364 2993 444 3080 dcc.
473 2997 735 3081 revolvantur
753 2997 873 3082 circa·
889 3001 1114 3086 maximum
1134 2997 1347 3097 T,-motus
1372 3001 1556 3111 corporis
1574 3002 1716 3090 intimi-

132 3123 181 3206 P
196 3121 366 3208 minime
387 3119 693 3232 perturbabitur
714 3123 1018 3209 attradionibus
1034 3123 1301 3216 exteriorum,
1331 3121 1401 3206 ubi
1426 3149 1575 3234 corpus
1600 3153 1711 3212 max·

131 3244 270 3333 imum
289 3245 493 3358 Tpariter
523 3274 546 3330 a
569 3249 743 3344 caeterin,
769 3273 846 3356 pro
873 3251 1031 3334 tatione
1050 3250 1200 3332 virium
1224 3247 1570 3346 acceleratricum‚
1589 3269 1712 3336 attra-

134 3371 254 3455 bitur
280 3370 322 3452 δι
355 3369 543 3478 agitatur,
571 3391 694 3481 atque
715 3387 863 3454 caeteta
889 3397 912 3456 a
936 3371 978 3455 se
997 3391 1154 3454 mutuo.

197 3494 325 3581 Corol.
343 3519 381 3572 2.
417 3489 460 3573 ln
481 3488 691 3601 systemate
718 3514 819 3576 vero
843 3491 967 3578 trium
993 3517 1218 3604 corporum
1243 3495 1290 3592 T,
1307 3493 1364 3592 P,
1383 3494 1423 3592 S,
1452 3493 1480 3578 fi
1508 3497 1710 3586 attradlio·

137 3643 214 3705 nes
234 3613 747 3702 acceleratricesbinorutn
764 3640 1105 3730 quorumcunque
1122 3619 1166 3704 in
1185 3617 1446 3704 terriu'mvsrnt
1461 3621 1710 3711 adinvicem

136 3742 354 3854 reciproce
382 3760 429 3824 ut
463 3737 660 3850 quadrata
693 3737 998 3840 distantiarum
1028 3767 1177 3855 corpus
1201 3743 1259 3841 P,
1296 3743 1412 3828 radio
1440 3744 1542 3842 PT,
1578 3773 1723 3834 aream*

140 3868 263 3950 circa·
277 3893 424 3976 corpus
446 3862 485 3946 T
502 3865 683 3948 velocius
709 3863 917 3950 describet·
931 3891 1059 3978 prope
1078 3866 1409 3975 conjuntlionem
1428 3870 1476 3950 A
1492 3867 1534 3952 dc
1554 3873 1719 3982 oppos«

140 3999 301 4075 tionem
322 3989 377 4088 B,
405 4015 528 4103 quarn
551 4014 680 4099 prope
707 3991 969 4102 quadraturas
997 3995 1041 4090 C,
1064 3994 1128 4077 D.
1184 3995 1372 4108 Namque
1398 3996 1457 4077 vis
1483 3997 1613 4080 omnis
1632 4023 1720 4108 qua·

142 4140 295 4226 corpus
326 4115 369 4198 P
397 4137 567 4224 urgetur
595 4112 638 4196 dc
660 4139 809 4224 corpus
835 4115 978 4204 Tuon
1009 4137 1192 4226 urgetur,
1227 4145 1402 4233 quaeque
1430 4145 1513 4204 non
1541 4123 1622 4228 agit
1655 4123 1675 4204 s
1697 4167 1713 4188 ·

143 4239 328 4336 cundum
348 4239 498 4324 lineam
523 4236 834 4324 PTaccelerat·
850 4241 1116 4327 velretardat
1144 4242 1462 4354 descriptionem
1494 4269 1612 4340 areu,
1641 4271 1715 4356 pe·

144 4365 262 4450 rinde
289 4386 334 4450 ut
366 4363 449 4475 ipsa
475 4366 516 4448 in
545 4363 838 4475 consequentia
858 4368 927 4452 vel
955 4367 997 4452 in
1029 4367 1313 4452 antecedentia
1341 4368 1544 4476 dirigitur.
1599 4369 1717 4460 Talia

146 4489 202 4572 est
223 4491 284 4574 vis
302 4488 354 4570 N
357 4489 421 4572 M.
479 4485 588 4572 Haec
619 4487 670 4570 in·
689 4489 852 4572 transtu
883 4492 1068 4602 corporis
1094 4491 1178 4576 Pa
1203 4493 1307 4574 Cad
1329 4495 1375 4575 A
1399 4493 1530 4578 tendit
1554 4495 1599 4578 in
1614 4523 1713 4582 con*

146 4612 365 4726 sequentia,
392 4632 636 4726 motumque
662 4617 889 4710 accelerata
929 4615 1025 4700 dein
1054 4615 1180 4728 usque
1208 4616 1259 4699 ad
1280 4619 1331 4700 D
1356 4621 1397 4702 in
1417 4623 1713 4731 antecedentia,-

1774 369 1898 426 strat

1747 449 1911 509 larana.

143 4739 189 4822 dc
209 4739 563 4822 motum-retardat
580 4777 604 4836 3,
621 4759 710 4823 tum
735 4739 777 4824 in
806 4741 1098 4854 consequentia
1124 4741 1250 4852 usque
1278 4741 1332 4825 ad
1359 4741 1413 4842 B,
1442 4741 1648 4827 &ultimo
1669 4745 1723 4829 ia
1776 4833 1780 4840 ,

144 4863 431 4954 antecedentia
448 4865 697 4954 transeundo
721 4865 802 4952 aB
821 4866 871 4952 ad
893 4868 941 4952 C..

1590 4929 1716 5068 carot
