4352 5646
433 243 1493 352 P‘tth'ctntnMATHEMAthn.
1634 283 1734 374 405

782 421 946 466 ἸΙΙ

35 419 38 426 ’
172 430 406 552 Hugeniani
428 457 455 519 a·
483 451 627 522 centro
646 427 794 522 saturni
818 452 835 525 3
860 493 868 512 .
889 455 916 535 4
949 423 1021 510 ,δε
1042 425 1146 510 lunae
1174 451 1197 510 a
1228 443 1372 510 centro
1400 443 1518 515 terrae
1542 425 1618 508 10¹.
1641 457 1657 528 3
1667 423 1735 528 3''·
1795 429 1920 490 Liui

173 578 413 668 computum
427 555 608 647 ineundo
628 553 763 639 inveni
783 550 1131 670 quodcorporum
1144 550 1359 666 aequalium
1373 550 1451 639 &a
1470 571 1616 639 centro
1635 555 1738 651 solis,

166 681 286 795 juvis,
321 680 468 768 saturni
498 705 544 766 ac
575 699 692 764 terrae
732 676 938 788 acqualiter
964 671 1193 764 distantium
1228 673 1410 788 pondera
1437 675 1512 762 siut
1536 678 1577 762 in
1602 677 1741 775 solem,

167 805 322 916 jovem,
349 803 554 898 saturnum
575 829 621 890 ac
654 821 803 890 terram
823 817 868 886 ut
892 809 1033 900 nesea,
1062 807 1166 898 ae'aa.
1196 797 1240 889 dc
1268 811 1402 892 ressa-.-
1431 799 1664 912 respesiive,
1695 802 1739 888 dc

171 929 295 1022 autiss
316 929 379 1019 vel
398 925 608 1018 diminutis
638 923 846 1021 distantiis,
873 924 1056 1036 pondera
1075 924 1358 1015 diminuuntur
1379 923 1443 1010 vel
1469 947 1666 1036 augentur
1695 925 1738 1010 in

173 1053 379 1166 duplicata
415 1051 599 1142 tatione:
648 1047 830 1158 pondera
861 1050 1077 1168 equalium
1103 1073 1325 1161 corporum
1345 1049 1387 1142 in
1417 1048 1556 1146 solem,
1584 1049 1738 1157 jovem,

172 1183 377 1266 saturnum
398 1206 444 1261 ac
467 1199 615 1262 terram
642 1177 684 1260 in
710 1173 903 1258 distantiis
934 1202 1078 1272 suono,
1105 1203 1193 1282 997,
1222 1203 1309 1281 791,
1348 1175 1389 1258 na
1422 1204 1493 1281 109
1515 1177 1564 1284 ab
1593 1201 1736 1263 eorum

175 1305 337 1401 centris,
357 1326 479 1416 atque
501 1303 597 1387 ideo
624 1304 667 1386 in
688 1325 833 1384 eorum
854 1297 1151 1412 superficiebus,
1167 1322 1285 1384 erunt
1304 1321 1350 1385 ut
1374 1330 1517 1396 10000,
1539 1331 1630 1408 943,
1650 1327 1740 1404 529,

175 1430 219 1540 de
241 1460 287 1536 43
296 1460 316 1532 5
338 1427 570 1540 respedsive.
626 1427 790 1540 Quanta
809 1425 884 1512 sint
902 1428 1091 1537 pondera·
1105 1451 1327 1536 corporum
1343 1429 1384 1514 in
1407 1428 1617 1539 superficie
1632 1429 1738 1512 lunae

174 1556 337 1652 dicetur
359 1555 400 1637 in
421 1552 691 1665 sequentibus.

231 1679 353 1765 Coros.
379 1710 415 1762 2.
450 1677 669 1763 innotescit
701 1679 822 1762 etiarn
852 1675 1051 1788 quantitas
1089 1677 1268 1760 materiae
1295 1678 1336 1760 in
1371 1678 1539 1787 planetis
1570 1677 1739 1788 singuiis.

176 1801 281 1888 Nam
310 1803 553 1916 quantitates
573 1805 752 1886 materias
785 1803 827 1884 in
854 1801 1024 1911 planetis
1048 1799 1137 1882 sunt
1162 1821 1207 1884 ut
1228 1826 1372 1886 eorum
1391 1803 1494 1886 vires
1514 1803 1556 1886 iii
1583 1804 1741 1915 aquali·

175 1924 248 2010 bus
275 1928 468 2013 distantiis
486 1929 535 2014 ab
558 1954 704 2013 eorum
734 1925 898 2024 centris,
924 1925 969 2010 id
991 1925 1060 2022 ess,
1089 1926 1131 2009 in
1154 1927 1251 2024 sole,
1274 1928 1385 2039 jove,
1413 1928 1575 2012 saturno
1594 1955 1639 2011 ac
1660 1949 1739 2010 ter·

173 2081 217 2136 ra
234 2039 323 2139 sunt
341 2075 386 2137 ut
412 2067 559 2154 nass„
575 2067 680 2158 asae,
700 2052 742 2138 dt
758 2099 896 2148 -rm
915 2047 1148 2161 respettive.
1205 2052 1247 2138 Si
1267 2053 1473 2164 parallaxis
1492 2054 1581 2137 solis
1600 2053 1740 2136 statua·

177 2199 243 2258 tur
263 2178 389 2284 major
408 2182 471 2263 ves
496 2181 630 2264 minor
660 2203 782 2290 quam
812 2173 906 2259 10''.
940 2173 1051 2278 30'‘'‚
1075 2175 1242 2266 debebit
1274 2178 1474 2290 quantitas
1495 2180 1673 2264 materiae
1698 2180 1741 2262 in

179 2323 287 2387 terra
313 2307 450 2413 augeri
479 2307 543 2389 vel
568 2303 741 2389 diminui
760 2301 802 2388 in
823 2303 1021 2414 triplicata
1048 2304 1217 2387 ratione.

232 2429 356 2515 Corol.
385 2459 416 2528 3·
447 2429 707 2515 innotescunt
730 2429 851 2513 etiam
871 2427 1085 2514 denfirates
1106 2430 1369 2542 planetarum.
1426 2428 1532 2514 Nam
1560 2431 1742 2540 pondera

177 2577 400 2664 corporum
431 2557 643 2670 aequasium
663 2556 705 2638 de
730 2555 1081 2665 homogeneorum
1102 2555 1143 2640 in
1162 2555 1332 2666 sphaeras
1359 2555 1742 2664 homogeneas'sunt

1765 509 1955 572 Tertius.

178 2679 220 2765 in
250 2681 535 2791 superficiebus
561 2685 804 2794 sphaeraruor
826 2702 871 2771 ut
888 2682 1134 2794 sphaerarum
1156 2681 1357 2781 diametri,
1386 2707 1458 2796 par
1474 2707 1588 2794 prop.
1600 2709 1744 2770 inxit.
1857 2702 1860 2707 ·

179 2802 246 2888 sib.
272 2834 303 2888 1.
338 2805 516 2918 ideoque
544 2805 786 2918 sphaeratum
818 2807 1183 2916 heterogenearum
1209 2807 1422 2892 densitates
1451 2807 1542 2892 sunt
1571 2829 1616 2892 ut
1644 2836 1746 2920 pon-

179 2932 276 3018 dera
299 2934 364 3018 isla
381 2935 575 3048 applicata
601 2933 652 3020 ad
679 2931 923 3044 sphaerarum
946 2934 1181 3024 diametros.
1230 2929 1374 3021 Erant·
1393 2955 1529 3026 autent
1559 2957 1663 3018 verae
1684 2936 1745 3020 soa

179 3060 239 3157 lis,
261 3058 379 3170 jovis,
394 3061 542 3152 saturni
566 3087 610 3146 ac
628 3081 746 3147 terrae
766 3058 955 3148 diametri
973 3059 1024 3142 ad
1039 3060 1218 3147 invicem
1240 3080 1284 3143 ut
1310 3085 1452 3155 10000,
1482 3084 1572 3166 997,
1591 3087 1677 3164 791,
1699 3060 1756 3144 &-

182 3213 272 3292 109,
294 3185 336 3275 dc
356 3187 538 3300 pondera
553 3187 595 3271 iri
615 3185 782 3272 eosdem
808 3203 853 3270 ut
883 3211 1027 3279 roooo,
1056 3211 1146 3290 943,
1174 3209 1248 3288 529
1279 3182 1321 3264 de
1342 3209 1417 3290 435
1439 3181 1672 3291 respective,
1700 3183 1743 3268 dc

177 3329 394 3421 propterea
414 3311 629 3402 densitates
659 3307 749 3398 sunt
775 3322 821 3399 ut
844 3333 933 3402 roo,
948 3316 1037 3412 944,
1060 3305 1172 3410 67&
1192 3335 1281 3412 400.
1318 3306 1500 3409 Densitas
1523 3331 1763 3420 terraque

179 3433 320 3544 prodit
344 3435 491 3525 exboc
512 3451 713 3546 computo
737 3457 821 3527 noir
848 3431 1001 3544 pendet
1030 3433 1258 3542 aparalsaxi
1286 3432 1390 3528 solis,
1416 3432 1485 3518 sed
1505 3432 1751 3521 determina-

181 3573 248 3642 tur
267 3583 341 3669 per
360 3559 574 3670 paralsaxin
598 3558 718 3654 sune,
747 3553 790 3641 aa
811 3574 1031 3674 propterea-
1053 3558 1121 3642 bic
1147 3559 1255 3646 recte
1276 3558 1479 3652 desinitur.
1537 3555 1607 3642 Est
1625 3560 1758 3668 igitur-¹

181 3683 238 3768 sol
269 3687 398 3796 paulo'
416 3683 577 3772 densior
605 3707 727 3798 quarn
750 3681 917 3794 jupiter,
946 3681 1165 3794 &jupiter
1192 3711 1314 3796 quam
1345 3682 1611 3780 saturnus&
1640 3705 1763 3774 terra

181 3807 409 3920 quadruplo
433 3807 592 3896 densior
620 3831 742 3920 quam
762 3804 831 3893 sol.
886 3805 991 3892 Nam
1013 3831 1086 3916 per
1113 3808 1319 3922 ingentem
1347 3808 1462 3900 suurn
1485 3807 1662 3891 calorem
1690 3809 1766 3895 soi-

183 3929 358 4017 rarescit.
414 3931 534 4024 Luna
553 3957 654 4020 vero
674 3929 835 4022 densior
855 3934 912 4018 est
940 3957 1062 4046 quarn
1086 3949 1208 4034 terra,
1234 3953 1279 4021 nt
1299 3935 1343 4022 in
1362 3930 1618 4043 sequentibus
1637 3954 1763 4042 pate·-

183 4052 254 4136 bit.
381 4049 386 4062 ’

237 4175 362 4264 Coras.
382 4209 419 4284 4.
457 4174 675 4270 Densiores
693 4175 819 4284 igitur
840 4179 930 4266 sunt
959 4177 1129 4290 planetas
1153 4181 1224 4294 qui
1255 4179 1345 4265 sunt
1373 4181 1564 4274 minores,
1592 4178 1750 4273 caeteris'

181 4303 353 4416 paribus.
411 4303 477 4390 Sic
503 4303 613 4391 enirn
645 4303 703 4386 vis
736 4307 943 4411 gravitatis
963 4306 1004 4392 in
1037 4331 1181 4392 eorum
1203 4305 1490 4415 superficiebus
1513 4303 1563 4392 ad
1591 4309 1752 4418 aequati-

185 4447 310 4516 tatem
338 4431 462 4540 magis
489 4427 662 4517 aceedit.
719 4428 801 4516 Sed
830 4427 1103 4518 &densiores
1131 4430 1220 4517 sunt
1245 4431 1429 4540 planetae,
1458 4431 1615 4514 caeteris
1648 4433 1749 4540 pari-

186 4549 276 4644 bus,
302 4553 475 4660 quisunt
492 4551 564 4637 soti
585 4555 797 4664 propiores
821 4592 834 4652 ;
862 4576 907 4640 ut
921 4554 1070 4670 jupiter
1090 4555 1267 4652 saturu0,
1287 4552 1330 4636 δι
1355 4576 1460 4638 terra
1475 4555 1582 4666 jove.
1626 4553 1670 4638 sn
1691 4555 1752 4638 di·

185 4671 305 4761 versis
323 4676 464 4788 unque
484 4677 712 4765 distantiisa
734 4679 816 4764 sole
839 4679 1068 4766 collocandi
1088 4699 1201 4764 erant
1228 4681 1399 4791 psanetae
1417 4701 1462 4764 ut
1480 4680 1650 4792 quilibet
1675 4703 1752 4787 pro
1771 4726 1773 4735 ·

184 4797 315 4910 gradu
351 4797 555 4894 densitatis
578 4804 713 4891 calore
747 4801 838 4886 solis
870 4803 1022 4911 majore
1051 4808 1116 4889 ves
1151 4805 1309 4890 minore
1342 4803 1557 4887 frueretur:
1631 4803 1758 4914 Aqua-

183 4923 330 5026 nnsira,
358 4922 512 5010 siterra
529 4923 736 5012 ¹locaretur·
765 4925 806 5010 in
822 4925 932 5012 orbe
952 4927 1113 5026 saturni,
1141 4927 1374 5042 rigesceret,
1404 4925 1432 5010 fi
1464 4928 1505 5010 in
1527 4921 1627 5010 orbe
1650 4951 1754 5008 nier-

1654 5049 1772 5136 curiiss
