4450 5674
446 281 509 378 24
712 251 1245 352 nutnosoutttla
1290 247 1786 354 Narouauts,

214 415 432 562 ³¹23„th
453 427 816 515 decim&restabit
828 429 952 515 nihil:
973 427 1246 518 subducantur
1264 427 1351 513 alia
1369 445 1502 540 partes
1512 425 1618 524 duae,
1635 423 1678 510 δι
1692 423 1764 513 fiet
1777 442 1915 512 motus
1924 423 2023 512 dua-

452 581 545 643 rum
559 558 734 670 partium
749 560 790 644 in
808 559 964 670 plagam
982 557 1246 644 contrariam:
1270 553 1313 640 δι
1329 553 1382 642 stc
1398 556 1452 641 de
1465 575 1582 642 motu
1601 557 1786 668 corporis
1799 553 2022 668 Bpartiom

448 681 522 770 sex
546 683 814 772 subducendo
844 704 978 799 partes
1003 682 1332 798 quatuordecim,
1367 682 1467 767 fient
1493 702 1626 794 partes
1662 681 1759 768 osto
1791 685 1834 770 in
1861 683 2022 794 plagam

448 811 706 894 contrariam.
760 811 889 924 Quod
916 810 945 898 fi
968 835 1142 923 corpora
1166 809 1278 892 ibant
1302 805 1354 892 ad
1382 806 1554 894 eandem
1581 808 1755 920 plagam,
1783 810 1830 894 A
1842 805 2022 892 velocius

449 959 546 1022 cum
563 938 743 1048 partibus
768 937 1096 1052 quatuordecim,
1133 935 1177 1022 δι
1199 933 1239 1018 B
1257 933 1410 1022 tardius
1430 959 1527 1022 cunr
1547 935 1728 1048 partibus
1746 937 1943 1051 quinque,
1976 931 2022 1018 dc

446 1061 539 1172 post
554 1059 824 1148 reflexionem
835 1063 1090 1177 pergebatA
1102 1086 1200 1148 curn

446 1187 630 1303 quinque
666 1186 881 1298 partibus3
923 1187 1120 1302 pergebat
1161 1185 1202 1268 B
1237 1233 1265 1292 Ε
1310 1227 1339 1284 ρ

446 1337 545 1399 cum
562 1312 891 1426 quatuordecim,
915 1311 1017 1399 satia
1041 1309 1202 1399 transsa-

445 1440 562 1527 tione
579 1440 755 1554 partium
781 1465 933 1526 novem
955 1439 1010 1526 de
1024 1443 1074 1524 A
1088 1441 1131 1528 in
1154 1439 1204 1526 Β.
1239 1505 1267 1560 R

447 1559 505 1650 Et
524 1561 578 1648 fic
601 1563 645 1648 in
661 1563 836 1677 reliquis.
865 1566 907 1648 A
927 1562 1204 1676 congressu&
1256 1569 1295 1678 ST

447 1685 657 1774 collisione
714 1710 939 1800 corporum
994 1712 1203 1802 nunquam
1288 1679 1315 1728 v

448 1813 681 1902 mutabatur
700 1809 904 1924 quantitas
923 1827 1075 1911 motus,
1108 1837 1204 1925 quae

447 1965 504 2026 ex
516 1937 671 2024 summa
681 1952 872 2019 motuum
883 1931 1204 2046 conspirantium

448 2061 495 2146 ἃ
523 2054 754 2145 differentia
786 2057 1086 2146 contrariorum
1114 2065 1198 2148 col-

444 2184 662 2299 ligebatur.
718 2181 826 2268 Nam
854 2206 1039 2268 errorem
1066 2185 1186 2296 digiti
1214 2195 1333 2282 unius
1361 2193 1408 2282 dc
1427 2191 1590 2278 alterins
1607 2191 1651 2277 in
1678 2189 1874 2279 mensuris
1892 2191 2018 2280 tribu·

446 2315 555 2401 erim
573 2309 807 2398 difficultati
833 2312 1055 2423 peragendi
1076 2309 1228 2424 fingula
1244 2321 1335 2406 satis
1361 2340 1563 2407 accurate.
1607 2313 1789 2404 Difficile
1814 2342 1914 2422 erat,
1932 2343 2019 2408 tum

444 2440 624 2554 pendula
643 2437 757 2524 srmul
778 2435 999 2525 demittere
1020 2439 1089 2539 fic,
1118 2461 1164 2528 ut
1187 2469 1364 2560 corpora
1386 2448 1430 2532 in
1456 2447 1495 2531 se
1519 2464 1667 2530 mutuo
1685 2444 1958 2557 impingerent
1976 2449 2020 2536 in
2168 2549 2171 2556 ι

445 2564 545 2653 loco
564 2565 707 2653 infimo
726 2563 775 2646 A
782 2562 844 2660 Bt
874 2582 962 2648 tum
980 2564 1072 2649 loca
1092 2593 1129 2664 s,
1159 2567 1183 2650 k
1201 2591 1359 2672 notare,
1382 2570 1433 2658 ad
1450 2593 1543 2686 quae
1558 2597 1734 2685 corpora
1751 2571 2021 2663 ascendebant

444 2695 538 2809 poll
560 2689 816 2780 concursum.
848 2801 854 2809 Ι
873 2689 955 2775 Sed
974 2688 1019 2774 δι
1036 2691 1079 2777 in
1106 2693 1197 2805 ipris
1223 2699 1464 2812 corporibus
1489 2699 1676 2810 pendulis
1705 2697 1913 2812 inaquatis
1932 2725 2019 2814 par·

448 2825 557 2908 tium
584 2817 770 2918 denfitas,
797 2813 841 2902 dt
869 2835 1029 2904 textura
1051 2819 1136 2905 aliis
1162 2822 1216 2909 de
1241 2825 1365 2912 causas
1386 2825 1629 2938 irregularis,
1662 2848 1822 2911 errores
1851 2827 2018 2916 induce·

448 2949 637 3142 basl³ttsrro
663 3055 806 3167 nequis
824 3051 998 3161 objiciat
1019 3057 1212 3166 regulam,
1246 3055 1436 3173 adquam
1455 3058 1707 3171 probandam
1726 3059 1940 3149 inventum
1959 3063 2017 3149 est

447 3181 531 3271 hoc
565 3179 907 3292 experimentum,
946 3179 1261 3294 praesupponere
1290 3208 1466 3299 corpora
1500 3185 1566 3268 vel
1591 3182 1771 3271 absolute
1800 3185 1903 3273 dura
1925 3185 2019 3290 esse,

447 3313 515 3398 vel
544 3310 683 3397 saltem
722 3302 902 3418 persesle
932 3303 1111 3404 elastica,
1150 3306 1376 3417 cujusmodi
1408 3310 1515 3394 nulla
1551 3311 1807 3421 reperiuntur
1835 3311 1878 3394 in
1904 3337 2019 3397 com·

447 3435 715 3552 positionibus
760 3429 1038 3528 naturalibus;
1095 3432 1206 3516 a'ddo
1247 3433 1362 3544 quod
1393 3433 1672 3544 experimenta
1701 3434 1784 3541 jam
1817 3432 2018 3548 descripta

449 3566 676 3653 succedunt
694 3563 737 3647 in
762 3559 1003 3670 corporibus
1029 3559 1218 3644 mollibus
1246 3585 1362 3672 aeque
1384 3587 1430 3644 ac
1453 3560 1642 3659 indutis,
1670 3559 1863 3646 nimirum
1881 3589 1903 3645 a
1919 3587 2018 3648 con·

454 3693 615 3778 ditione
650 3685 816 3771 duritiei
847 3684 1083 3796 neutiquam
1113 3683 1343 3795 pendentia.
1400 3687 1504 3770 Nam
1534 3685 1562 3770 st
1590 3685 1730 3796 tegula
1761 3685 1826 3770 illa
1853 3688 1894 3770 in
1925 3712 2018 3770 cot·

452 3817 620 3932 poribus
658 3838 742 3898 non
772 3805 950 3922 perfesle
985 3807 1098 3892 duris
1132 3809 1323 3894 tentanda
1358 3809 1429 3909 est,
1466 3810 1634 3896 debebit
1661 3809 1919 3896 solummodo
1954 3835 2018 3897 re-

452 3945 582 4036 fl'exio
608 3939 736 4026 minui
770 3935 812 4020 in
838 3954 950 4018 certa
976 3935 1244 4045 proportione
1269 3958 1347 4046 pro
1378 3936 1602 4047 quantitate
1631 3935 1691 4018 vis
1722 3934 1907 4018 elasticae.
1971 3935 2017 4022 In

450 4069 607 4160 theoria
641 4065 810 4152 Wrenni
831 4061 874 4145 δι
903 4059 1081 4170 Hagenii
1104 4084 1277 4170 corpora
1302 4057 1478 4143 absolute
1511 4057 1613 4144 dura
1639 4057 1813 4174 redeunt
1836 4061 1888 4146 ab
1916 4067 2025 4150 invi,

452 4225 547 4286 cem
564 4221 661 4282 cum
677 4189 895 4276 velocitate
916 4180 1160 4294 congressus.
1213 4184 1377 4270 Certius
1399 4185 1442 4269 id
1469 4181 1738 4272 affirmabitur
1763 4187 1818 4272 de
1839 4191 2016 4302 perferte

452 4322 633 4410 elafficis.
688 4313 733 4400 In
759 4310 994 4422 imperfecte
1027 4309 1192 4394 elasticis
1224 4311 1415 4411 uelocitas
1444 4310 1598 4400 reditus
1637 4312 1856 4399 minuenda
1883 4317 1941 4400 est
1971 4317 2017 4402 st·

442 4452 540 4536 mul
564 4471 658 4531 cum
684 4446 725 4526 vi
753 4438 935 4532 elasticaa
970 4453 1185 4547 propterea
1207 4437 1322 4549 quod
1350 4436 1410 4520 vis
1438 4436 1516 4533 illa,
1558 4435 1648 4542 (nist
1674 4436 1744 4523 ubi
1772 4459 1904 4549 partes
1927 4469 2017 4528 cor·

453 4601 602 4691 porum
617 4565 682 4657 'ex
706 4563 918 4677 congressu
939 4562 1156 4658 laeduntur,
1183 4564 1247 4647 vel
1273 4560 1551 4648 extensionem
1577 4562 1789 4674 aliqualem
1811 4565 1919 4678 quast
1944 4567 2015 4653 sub

453 4704 600 4790 malleo
629 4697 868 4809 patiuntur,)
896 4712 1008 4774 certa
1031 4717 1077 4774 ac
1106 4689 1373 4775 determinata
1393 4688 1441 4773 srt
1469 4693 1682 4801 (quantum
1701 4689 1848 4800 sentio)
1878 4693 2016 4780 faciat·

452 4845 599 4945 quent
621 4845 794 4931 corpora
822 4815 990 4900 redeant
1011 4815 1061 4898 ab
1086 4813 1264 4898 invicem
1291 4840 1387 4906 curn
1414 4811 1632 4898 velocitate
1654 4814 1828 4914 relativa,
1855 4819 2017 4928 quaest

448 4954 507 5041 ad
527 4949 735 5041 relativam
763 4941 1026 5030 velocitatem
1052 4937 1271 5028 concursus
1298 4939 1342 5028 in
1369 4939 1463 5026 data
1483 4937 1652 5056 ratione,
1705 4937 1753 5026 sd
1775 4940 1819 5028 in
1847 4945 1938 5058 pilis
1962 4971 2018 5032 ex

1927 5069 2016 5156 lana
