4344 5648
415 291 1465 411 nntuctntnntnrunnnrtcn
1615 349 1730 447 ,323

168 467 293 553 titula
309 463 450 564 medii,
478 466 702 554 secundum
723 467 872 555 reblam
895 469 975 552 FB
996 471 1160 586 oblique
1178 475 1416 574 incidendo,
1446 481 1615 589 globum
1639 481 1734 570 serit
1785 493 1923 558 Luat:

170 598 214 675 in
236 589 287 687 B,
315 589 390 672 erit
412 587 462 673 ad
486 590 569 674 vim
588 615 667 702 qua
690 591 884 702 particula
908 590 1052 676 eadem
1080 594 1312 703 cylindrum
1333 597 1514 720 ONGQ
1533 629 1607 686 axe
1635 572 1965 688 ACIS²0⁰⁸”¹'⁸·

170 713 280 797 circa
310 711 479 821 globum
504 713 754 826 descriptum
785 713 1179 825 perpendiculariter
1206 716 1346 803 feritet
1374 721 1476 819 inb,
1504 743 1551 806 ut
1575 723 1663 808 L‘D
1685 725 1737 810 ad
1927 757 1932 767 ·

171 834 255 918 LB
283 839 348 920 vel
368 835 450 916 BE
468 837 519 922 ad
543 837 628 920 BC.
685 837 840 923 Rursus
867 837 1051 924 efficacia
1071 837 1187 946 hujus
1212 841 1270 926 vis
1296 843 1346 929 ad
1367 846 1620 931 movendum
1647 850 1735 956 glo·

168 957 270 1042 burn
297 960 520 1044 secundum
545 961 781 1046 incidentiae
802 959 882 1045 suae
904 964 1063 1073 plagam
1088 961 1168 1044 FB
1196 963 1261 1048 vel
1290 967 1380 1065 AC,
1409 965 1465 1051 est
1486 966 1535 1052 ad
1556 967 1736 1077 ejusdem

165 1081 393 1168 efficaciam
417 1085 468 1167 ad
490 1086 739 1171 movendum
767 1084 936 1196 globum
1082 1193 1086 1200 Ι

163 1209 391 1298 secundum
407 1213 563 1323 plagam
585 1213 933 1298 determinationis
978 1211 1022 1328 G*

166 1335 264 1434 suae,
289 1338 332 1421 id
355 1339 423 1437 eli,
447 1339 669 1423 secundum
695 1339 851 1450 plagam
874 1367 936 1424 re·
1060 1359 1065 1366 '

167 1461 244 1546 flae
264 1464 344 1548 BC
355 1490 435 1576 qua
453 1467 622 1575 globum
643 1466 797 1552 direiie
817 1490 937 1578 urget

164 1609 214 1671 ut
237 1590 321 1674 BE
343 1593 394 1676 ad
419 1593 503 1675 BC.
559 1591 613 1678 Et
633 1594 856 1703 conjunclis
877 1627 938 1682 ra·

168 1717 362 1815 tionibus,
407 1717 590 1803 efficacia
635 1723 845 1828 patticulae
897 1707 990 1808 inI
1188 1749 1208 1801 c

1205 1400 1223 1486 :³
1302 1405 1468 1545 ιωᾞό
1598 1499 1604 1510 ,
1662 1473 1710 1488 „.

1491 1718 1519 1791 l
1670 1622 1705 1774 Α.

166 1843 336 1952 globum
364 1843 589 1928 secundum
618 1845 768 1928 reddam
796 1845 874 1926 FB
894 1874 936 1931 o·
997 1741 1162 2166 [K
1218 1719 1250 1896 d
1485 1865 1488 1874 ’
1639 1819 1642 1826 ⁵

166 1967 304 2084 blique
340 1969 571 2067 incidentis,
608 1971 658 2054 ad
686 1973 938 2060 movendum
1165 1806 1437 2179 M
1614 1973 1617 1980 ’

166 2097 345 2181 eundem
385 2096 608 2182 secundum
647 2100 804 2207 plagam
841 2103 939 2188 inci·
999 2167 1169 2180 --
1365 2081 1438 2164 *-

167 2220 316 2304 dentiae
333 2219 426 2316 luae‚
452 2221 510 2304 est
531 2221 581 2305 ad
601 2218 826 2309 efficaciam
853 2253 942 2337 pat·
968 2179 998 2241 o
1438 2176 1465 2228 ⁰

169 2344 306 2427 ticulae
339 2343 519 2453 ejusdem
547 2346 770 2431 secundum
801 2350 974 2441 eandem
1000 2356 1149 2442 tedam
1182 2356 1223 2440 in
1255 2347 1485 2462 cylindrum
1512 2339 1728 2462 perpendi-

167 2469 360 2553 culariter
378 2469 608 2564 incidentis,
636 2469 686 2552 ad
710 2469 839 2579 ipsum
856 2479 1106 2564 movendum
1126 2479 1167 2560 in
1189 2478 1344 2587 plagam
1365 2471 1551 2570 eandem,
1578 2490 1623 2555 ut
1645 2467 1730 2549 BE
1851 2497 1853 2502 ·

166 2591 408 2704 quadratum
436 2593 487 2676 ad
518 2593 595 2676 BC
623 2593 877 2704 quadratum.
935 2603 1074 2712 Quare
1106 2600 1194 2684 stin
1219 2595 1308 2696 bE,
1335 2620 1427 2708 quae
1458 2593 1728 2706 perpendicu-

166 2718 258 2800 laris
276 2717 331 2801 ell
356 2717 407 2802 ad
426 2719 597 2828 cylindri
621 2716 754 2800 basem
779 2720 1017 2810 circularem
1036 2725 1164 2809 NAO
1184 2721 1226 2806 &
1246 2719 1407 2834 aequalis
1429 2718 1543 2805 radio
1563 2714 1651 2814 AC,
1667 2713 1727 2799 lu·

166 2925 301 2990 matur
328 2905 414 2989 bH
426 2910 588 3021 aequalis
617 2839 878 3059 &gf—3
908 2918 984 3000 erit
1009 2915 1084 2998 bH
1096 2915 1147 3000 ad
1167 2913 1235 2997 bE
1258 2930 1304 2998 ut
1330 2905 1496 2996 effebus
1516 2875 1727 3021 particulae

165 3095 208 3178 in
239 3095 406 3202 globum
433 3095 483 3180 ad
508 3093 700 3184 effedum
728 3102 936 3210 particulae
957 3104 998 3186 in
1026 3103 1268 3214 cylindrum.
1324 3096 1380 3180 Et
1403 3114 1621 3208 propterea
1638 3091 1729 3178 soli·

165 3219 268 3302 dum
297 3218 412 3332 quod
438 3249 459 3302 a
485 3221 602 3305 tellis
624 3226 811 3308 omnibus
835 3225 918 3306 bH
940 3248 1164 3334 occupatur
1192 3227 1269 3308 erit
1295 3221 1347 3303 ad
1373 3221 1547 3303 solidum
1572 3217 1729 3328 quoda

165 3343 286 3424 fellis
307 3343 495 3426 omnibus
523 3345 598 3426 bE
625 3368 864 3454 occupatur,
893 3343 1129 3429 ut‘effedlus
1154 3345 1441 3456 particularum
1470 3340 1655 3423 omnium
1687 3338 1730 3422 in

164 3464 337 3572 globum
359 3465 409 3547 ad
442 3461 630 3549 offellum
665 3469 952 3577 particularum
978 3467 1163 3552 omnium
1192 3469 1232 3550 in
1259 3464 1500 3576 cylindrum.
1559 3459 1641 3543 Sed
1668 3458 1689 3543 l
1714 3503 1729 3524 ·
1819 3535 1822 3541 .

162 3587 293 3672 lidum
321 3591 431 3700 prius
451 3589 507 3672 est
527 3593 753 3700 parabolois
781 3595 936 3676 vertice
960 3593 1004 3691 C,
1031 3618 1105 3676 axe
1121 3593 1200 3674 CA
1214 3589 1257 3672 dt
1281 3592 1406 3673 latere
1424 3585 1537 3671 redo
1563 3585 1643 3668 CA
1656 3583 1729 3668 de·

164 3715 375 3826 scripturn,
411 3712 453 3798 dt
485 3715 659 3801 solidum
690 3717 886 3829 posterius
926 3717 983 3802 est
1022 3715 1228 3826 cylindrus
1261 3711 1515 3824 paraboloidi
1553 3713 1728 3796 circum·

162 3841 358 3949 scriptus:
389 3839 432 3922 dt
452 3861 594 3926 notum
622 3841 679 3926 est
705 3835 816 3954 q'uod
838 3835 1064 3952 parabolois
1092 3841 1137 3924 stt
1160 3839 1324 3926 semillts
1352 3837 1527 3949 cylindri
1552 3837 1728 3920 circum·

164 3965 315 4074 scripti.
370 3963 483 4073 Ergo
508 3967 567 4049 tis
589 3987 675 4051 tota
696 3969 822 4053 medii
848 3971 889 4052 in
912 3969 1080 4076 globum
1100 3966 1157 4052 est
1177 3966 1305 4076 duplo
1329 3963 1463 4046 minor
1486 3989 1609 4074 quam
1630 3959 1728 4068 ejus·

164 4091 265 4174 dem
294 4089 352 4172 vis
376 4110 462 4172 tota
491 4089 531 4170 in
556 4091 799 4198 cylindrum.
855 4091 908 4175 Et
934 4113 1150 4202 propterea
1177 4090 1206 4172 st
1236 4086 1444 4203 particulae
1472 4089 1594 4170 medii
1614 4083 1727 4196 quie·

164 4216 335 4313 scetem,
363 4210 639 4325 &cylindrus
669 4242 715 4298 ac
742 4217 885 4324 globus
913 4212 1055 4327 aequali
1083 4240 1177 4297 cunt
1206 4211 1424 4298 velocitate
1446 4229 1736 4304 moverentur,

164 4340 270 4426 foret
290 4339 506 4428 resistentia
520 4340 630 4448 globi
648 4339 775 4452 duplo
795 4342 929 4427 minor
945 4365 1067 4453 quam
1087 4339 1302 4426 refillentia
1320 4333 1506 4446 cylindri.
1537 4333 1727 4452 Qua).

832 4581 1068 4685 Scholium.

219 4753 377 4848 Eadem
410 4762 609 4849 methodo
649 4757 790 4871 figurae
827 4761 912 4844 aliae
940 4759 1048 4842 inter
1077 4757 1118 4842 le
1149 4753 1286 4871 quoad
1320 4751 1584 4840 resistentiam
1614 4775 1726 4836 com·

163 4889 292 5000 parari
313 4883 488 5000 poliunt,
517 4913 658 5000 eaeque
678 4885 852 4971 inveniri
872 4909 965 4997 quae
984 4885 1035 4968 ad
1056 4903 1191 4967 motus
1212 4881 1301 4967 suos
1323 4883 1364 4965 in
1384 4878 1530 4964 mediis
1548 4875 1728 4962 testllen·

164 5013 270 5098 tibus
296 5009 599 5098 continuandos
612 5009 796 5121 aptiores
824 5007 926 5209 lutyy.
981 5003 1041 5087 Ut
1063 5003 1198 5090 stbale
1221 5005 1410 5089 circulari
1431 4997 1608 5096 CEBH,
1635 5009 1742 5109 quae‘

937 5145 953 5209 t
976 5153 1001 5206 2
1584 5139 1731 5208 centro
