4338 5656
449 257 541 384 508
721 251 1256 352 PHILOSOPHIAE
1304 245 1771 348 NATURALts

245 425 412 501 vallum
446 427 617 536 nostrat)
644 423 765 532 longa
786 443 871 508 erat
893 441 1002 528 acea
1043 442 1167 502 curva
1188 437 1325 502 autem
1346 435 1432 502 crat
1452 415 1704 504 &convexo
1723 418 2023 533 laterespesla·

238 516 256 578 ⁵
261 536 421 580 ⁸⁸⁸⁸⁸⁸⁸⁸
450 554 517 638 bat
538 549 588 632 ad
609 547 796 630 aullrum.
824 543 934 628 Cum
954 542 1111 626 circulo
1138 567 1211 653 per
1235 539 1361 624 solem
1380 539 1425 626 δι
1445 563 1566 653 caput
1586 565 1763 627 cometae
1781 546 2021 632 transeunte

451 675 643 782 angulum
671 669 851 754 confecit
881 667 1083 778 graduum
1111 698 1138 769 4
1161 664 1276 774 juxta
1306 685 1428 778 caput
1451 687 1653 763 cometae;
1682 688 1722 751 at
1743 667 1859 776 juxta
1879 673 2021 755 termi-

449 824 547 886 num
570 797 739 878 alterutn
762 791 1028 876 inclinabatur
1047 787 1098 871 ad
1119 789 1318 872 circulum
1338 789 1450 872 illum
1472 789 1514 874 in
1534 791 1683 897 angulo
1707 819 1755 873 10
1775 794 1843 875 vel
1867 821 1911 874 tt
1934 822 2022 905 gra·

448 921 575 1006 duum
606 917 648 1000 dc
670 917 826 1001 chorda
857 915 997 998 caudae
1015 926 1117 996 ¹curn
1142 913 1296 996 circulo
1329 913 1399 996 illo
1428 916 1665 998 continebat
1699 918 1894 1024 angulum
1934 947 2018 1030 gra·
2127 917 2128 940 ¹

449 1045 577 1132 duum
606 1039 715 1126 otto.
769 1041 869 1152 Jan.
897 1067 912 1120 r
922 1067 953 1136 3·
985 1037 1129 1122 Cauda
1158 1039 1249 1120 luce
1280 1037 1370 1120 satis
1394 1035 1560 1122 sensibili
1592 1041 1885 1125 terminabatur
1915 1045 2021 1130 inter

447 1165 641 1254 Alamech
667 1161 709 1246 δε
733 1165 863 1276 Algos,
893 1161 933 1245 δι
955 1163 1048 1245 luce
1067 1157 1294 1245 tenuissima
1316 1157 1522 1246 desinebat
1547 1189 1571 1248 e
1603 1165 1772 1272 regione
1794 1165 1921 1250 tletlae
1940 1209 1964 1251 κ
1981 1172 2020 1256 in

446 1300 572 1384 latere
593 1291 750 1396 Persei.
808 1285 1004 1370 Dillantia
1024 1285 1188 1370 termini
1208 1283 1349 1370 cauda:
1375 1313 1396 1370 a
1421 1287 1579 1372 circulo
1597 1287 1725 1372 solem
1740 1288 1787 1402 vdc
1809 1317 2018 1384 cometam

443 1420 641 1531 jungente
664 1433 751 1500 erat
786 1427 848 1512 3⁸¹.
878 1406 959 1517 5o'‚
988 1411 1030 1495 dc
1057 1411 1268 1495 inclinatio
1295 1411 1464 1496 chordae
1497 1412 1645 1496 cauda
1665 1414 1714 1497 ad
1742 1415 1948 1504 circulum
1976 1423 2017 1506 il

445 1551 529 1632 lum
548 1543 631 1632 84³².
687 1539 788 1649 Jan.
809 1563 859 1636 25
880 1537 922 1620 dc
941 1543 1006 1622 26.
1035 1534 1183 1652 Cauda
1200 1537 1291 1620 luce
1313 1535 1428 1621 tenui
1447 1535 1620 1620 micabat
1639 1537 1690 1620 ad
1713 1539 2010 1646 longitudinem

445 1669 646 1778 graduum
675 1673 699 1746 6
725 1663 791 1747 vel
813 1689 859 1764 73
890 1661 933 1746 dc
953 1659 1075 1746 node
1094 1687 1174 1744 una
1202 1658 1244 1744 dt
1265 1661 1389 1746 altera
1411 1661 1607 1775 sequente
1625 1663 1696 1746 ubi
1715 1666 1875 1752 coelum
1898 1671 2007 1757 valde

444 1793 632 1880 serenum
652 1808 752 1882 erat,
779 1786 871 1871 luce
892 1781 1119 1869 tenuissima
1143 1781 1185 1866 &
1206 1783 1421 1892 egerrime
1436 1783 1608 1870 sensibili
1627 1786 1855 1896 attingebat
1881 1793 2008 1905 longi·

444 1919 632 2004 tudinem
660 1909 861 2019 graduum
894 1907 1117 1992 duodecim
1147 1905 1189 1990 dc
1223 1908 1345 2016 paulo
1380 1909 1495 1992 ultra.
1562 1905 1838 2018 Dirigebatur
1874 1938 2001 2004 autern

326 2067 332 2078 ·
443 2040 528 2148 ejus
551 2036 634 2121 axis
656 2033 708 2117 ad
732 2033 917 2119 lucidam
939 2032 985 2116 in
1008 2033 1182 2116 humero
1209 2029 1397 2116 orientali
1422 2031 1571 2140 aurigae
1600 2053 1806 2134 accurate,
1833 2037 1998 2154 ideoque

443 2159 672 2248 declinabat
703 2157 754 2242 ab
783 2152 1042 2266 oppofitione
1072 2155 1166 2240 solis
1190 2155 1361 2240 boream·
1386 2155 1522 2240 versus
1553 2154 1601 2240 in
1623 2159 1783 2265 angulo
1804 2164 1999 2270 graduum

439 2287 599 2372 decem.
642 2281 835 2396 Denique
856 2277 947 2364 Feb.
971 2307 1033 2364 ιο.
1051 2279 1229 2364 caudam
1248 2280 1377 2364 oeulis
1399 2279 1560 2364 armatis
1580 2280 1713 2393 aspexi
1735 2286 1888 2392 gradus
1907 2291 2004 2374 duos

439 2411 617 2522 longam.
673 2405 788 2491 Nam
810 2407 881 2492 lux
903 2403 1101 2515 praedisla-
1117 2405 1280 2488 tenuior
1308 2429 1381 2514 per
1401 2404 1505 2489 vitra
1533 2429 1617 2488 non
1645 2409 1845 2518 apparuit.
1901 2416 2007 2496 Pon·-

439 2539 568 2619 thaecs
585 2551 723 2617 aute-m
745 2528 839 2613 Feb.
860 2557 896 2631 7.
924 2527 1154 2612 secandam
1175 2527 1228 2614 ad
1248 2526 1551 2636 longitudinem
1569 2527 1773 2640 graduum
1796 2561 1841 2614 12
1864 2537 2002 2626 vidisse

438 2656 592 2748 scribit.
648 2651 742 2737 nea
763 2680 813 2756 25
837 2648 880 2736 dt
900 2648 1099 2762 deinceps
1114 2667 1278 2735 cometa
1298 2647 1380 2734 stne
1399 2652 1525 2738 cauda
1547 2655 1744 2766 apparuit.

498 2782 656 2867 Orbem
677 2776 761 2888 jam
781 2774 1030 2886 descriptum
1051 2769 1243 2885 speflanti
1265 2771 1485 2889 &reliqua
1506 2797 1683 2862 cometae
1704 2779 1823 2888 lluj'us
1838 2785 2005 2894 phaeno-

440 2929 560 2990 mena
592 2903 796 2990 inanimo
819 2896 1061 2992 revolventi,
1089 2894 1202 2978 haud·
1225 2891 1449 2983 difficulter
1467 2901 1674 2998 constabit,
1695 2905 1808 3014 quod
1823 2933 2015 3018 corpora.

442 3050 700 3118 cometarum
726 3023 817 3110 sunt
845 3021 986 3117 solida,
1015 3013 1242 3130 compassa,
1268 3019 1354 3106 lixa·
1371 3049 1418 3106 ac
1439 3022 1637 3111 durabilia
1653 3025 1703 3110 ad
1715 3029 1833 3114 inllat
1852 3060 2005 3146 corpo·
2126 3089 2127 3098 κ

432 3179 533 3240 rum
561 3153 826 3263 planetarum.
881 3141 988 3228 Nam
1015 3141 1163 3228 finihil
1182 3141 1291 3226 aliud
1318 3139 1445 3230 essent
1472 3171 1595 3258 quam
1615 3173 1786 3260 vapores
1804 3156 1867 3238 vel
1886 3160 2004 3243 exba-

429 3279 610 3362 lationes
629 3293 764 3362 terrae,
790 3267 882 3352 solis
902 3265 945 3349 δι
972 3267 1239 3376 planetarum,
1270 3287 1433 3352 cometa
1454 3269 1571 3356 hicce
1589 3273 1631 3358 in
1652 3277 1906 3362 transitusuo
1923 3305 1996 3391 per

440 3403 633 3488 viciniam
651 3395 740 3480 solis
759 3393 890 3478 statim
908 3390 1085 3502 dissipari
1115 3389 1327 3478 debuisset.
1382 3389 1455 3478 Est
1483 3397 1594 3482 enim
1621 3402 1734 3486 calor
1758 3403 1849 3487 solis
1872 3425 1917 3488 ut
1940 3434 1999 3492 ras

439 3527 605 3614 diorum
625 3519 811 3616 densitas,
839 3518 919 3602 boc
941 3516 1011 3612 est,
1039 3515 1251 3626 reciproce
1269 3536 1316 3602 ut
1336 3518 1582 3632 quadratum
1600 3521 1799 3610 distantiae
1816 3530 2002 3618 locorum

439 3679 468 3736 a
481 3652 576 3735 sole.
631 3645 814 3757 Ideoque
833 3639 1131 3725 cumdillantia
1149 3661 1325 3726 cometae
1345 3669 1368 3726 a
1387 3663 1533 3728 centro
1553 3644 1645 3731 solis
1664 3649 1853 3735 Decemb.
1877 3655 1912 3738 8.
1933 3651 2002 3739 ubi

439 3774 483 3857 in
507 3766 706 3884 poribello
724 3762 968 3859 versabatur,
994 3759 1092 3845 esset
1118 3759 1169 3844 ad
1188 3761 1426 3849 distantiam
1447 3784 1569 3852 terrae
1588 3793 1612 3852 a
1631 3792 1778 3856 centro
1800 3774 1888 3858 solis
1904 3797 1950 3858 ut
1971 3780 1999 3856 6

440 3894 492 3980 ad
521 3917 636 3974 1000.
647 3885 828 3981 circiter,
854 3883 965 3968 calor
989 3883 1082 3967 solis
1108 3884 1218 3994 apud
1245 3908 1451 3974 cometam
1477 3915 1530 3974 eo
1551 3911 1741 4002 tempore
1759 3917 1839 3980 erat
1859 3897 1911 3982 ad
1930 3923 2000 3982 ca·

438 4022 570 4114 locem
589 4014 681 4101 solis
700 4009 823 4096 aellivi
842 4008 950 4121 apud
970 4033 1045 4092 nos
1061 4029 1108 4092 ut
1129 4035 1316 4094 1000000
1337 4012 1389 4099 ad
1417 4022 1482 4114 36,
1510 4015 1579 4100 seu
1601 4017 1737 4100 28000
1764 4021 1814 4106 ad
1833 4049 1868 4104 1.
1917 4021 1999 4108 Sed

440 4143 551 4227 calor
577 4161 701 4252 aquae·
712 4131 941 4220 ebullientis
958 4131 1015 4215 est
1042 4129 1152 4245 quast
1172 4132 1296 4246 triplo
1319 4133 1448 4243 major
1469 4160 1593 4250 quam
1617 4142 1729 4226 calor
1748 4169 1875 4258 quern
1897 4166 1997 4231 terra
2126 4201 2127 4239 l

438 4265 550 4348 arida
579 4259 762 4372 concipit
791 4255 843 4340 ad
876 4253 1221 4354 aessivumsolem,
1250 4277 1304 4370 ut·
1317 4281 1509 4372 expertus
1538 4261 1661 4350 sumt
1700 4267 1746 4350 dc
1770 4272 1884 4355 calor
1901 4269 1990 4354 serti

437 4384 648 4472 candentis
668 4385 724 4491 (fi
744 4377 852 4465 recle
867 4375 1096 4486 conjector)
1117 4377 1227 4492 quast
1247 4381 1371 4493 triplo
1390 4385 1454 4468 vel
1473 4383 1704 4500 quadruplo
1726 4391 1856 4500 major
1873 4417 1991 4503 quam

438 4513 550 4598 calor
567 4531 683 4621 aquae
706 4503 955 4600 ebullientis3
983 4504 1165 4618 ideoque
1185 4507 1309 4605 calor,
1327 4533 1453 4621 quem
1477 4531 1582 4596 terta
1602 4511 1712 4596 arida
1730 4517 1842 4628 apud
1859 4543 1998 4604 come·

439 4653 521 4717 tam
538 4627 799 4738 inzperibelio
821 4624 1045 4711 versantem
1065 4653 1119 4712 ex
1137 4629 1259 4712 radiis
1277 4628 1470 4716 solaribus
1488 4634 1709 4745 concipere
1731 4637 1880 4748 pollet,
1894 4641 2001 4756 quas
2125 4643 2126 4658 ²

438 4783 545 4842 2000
564 4753 727 4846 vicibus
740 4751 868 4862 major
887 4775 1010 4864 quam
1030 4753 1140 4840 calor
1159 4751 1257 4842 serti
1275 4753 1510 4846 candentis..
1540 4755 1687 4848 Tanto
1703 4767 2002 4854 autem-cature

1831 4913 2003 5006 vapores
