4336 5656
425 179 1474 292 nntnorntnnnnnnnrntrcn.
1566 115 1586 148 '⁸
1686 195 1748 327 63

2 441 7 454 s
174 360 324 473 ciptlis
349 355 547 464 seminaris,
574 383 621 452 nt
649 361 833 452 distantia
858 359 1000 453 illaad
1026 365 1365 480 perpendiculum
1396 365 1448 452 nb
1478 363 1675 456 umbilico
1706 371 1751 458 in
1787 369 1934 514 Pomm

0 563 7 574 ,,
171 505 419 598 tangentem
444 493 629 582 lectionis
645 491 871 580 demillnm.
928 493 1046 580 Patet
1066 519 1140 608 per
1156 495 1415 583 corollarium
1435 494 1639 612 quintum.
1817 469 1955 516 ⁸⁸⁸⁸⁸⁸

234 618 361 705 Garat
380 645 421 728 9.
462 620 585 708 Unde
603 645 700 707 cum
729 627 820 733 (per
840 621 956 708 corol
979 629 1015 707 6.
1043 649 1159 736 prop.
1183 633 1263 736 xv.)
1291 626 1483 714 velocitas
1507 630 1684 742 gyrantis
1706 628 1749 714 iu

4 743 7 759 '
169 743 261 828 hoc
292 745 448 833 circulo
473 745 521 834 fit
546 747 599 833 ad
631 749 890 834 velocitatem
918 752 1098 856 gyrontis
1135 751 1177 835 in
1214 751 1369 837 circulo
1401 759 1546 866 quovis
1572 757 1651 844 alio
1688 779 1751 855 re·
1839 841 1842 849 .

2 931 13 988 p
165 869 346 980 ciproee
367 873 409 956 in
428 869 705 986 subduplicara
732 873 889 958 ratione
918 871 1192 960 distantiarum
1213 911 1225 975 ;
1249 877 1324 961 fiet
1343 903 1396 963 ex
1414 903 1534 996 aequo
1555 881 1750 968 velocius

165 999 357 1106 gyrantis
375 1001 420 1087 in
440 1003 584 1086 conica
608 999 783 1086 lectione
803 1001 855 1086 ad
883 1002 1143 1090 velocitatem
1172 1005 1349 1116 gyrantis
1377 1003 1419 1090 in
1445 1009 1602 1108 circulo
1619 1011 1662 1096 in
1682 1033 1750 1094 ea-

168 1119 279 1208 dem
309 1125 521 1225 distantia,
549 1147 595 1210 ut
614 1127 749 1210 medin
777 1126 1093 1238 proportionalis
1122 1131 1229 1215 inter
1256 1127 1481 1216 distantiam
1509 1133 1616 1220 illam
1634 1156 1749 1220 com.

165 1275 348 1337 munem
372 1251 638 1338 &seruilem
665 1249 893 1364 principalis
921 1252 1055 1342 lateris
1083 1255 1184 1342 retii
1219 1253 1417 1357 lectionis,
1445 1255 1495 1344 ad
1527 1255 1746 1374 perpendi-

0 1420 6 1446 r
167 1376 319 1460 culum
346 1377 396 1463 ab
417 1376 614 1462 umbilico
630 1377 843 1463 communi
866 1377 908 1464 ln
930 1395 1164 1492 tangentem
1192 1378 1377 1466 sectionis
1403 1375 1632 1470 demillum.

315 1633 794 1734 PROPOSlTlO
830 1633 984 1736 XVll.
1058 1637 1481 1780 PROBLEMA
1516 1643 1598 1737 IX.

1 1818 2 1821 Ὺ
165 1821 324 1956 Postto
351 1822 553 1958 quodvis
576 1821 820 1962 centripeta
824 1824 893 1957 fit
924 1823 1143 1964 reciproce
1155 1827 1502 1965 proportionalis
1523 1827 1744 1964 quadrato
1817 1821 1820 1829 ¹

246 1978 459 2109 cltstantr'ae
479 1979 667 2081 locorum
689 2019 720 2078 a
740 2009 900 2104 centro,
923 1978 986 2088 &⁹
1010 1982 1131 2119 quod
1147 1981 1214 2082 vis
1235 1983 1350 2082 t'Hr'ur
1372 1985 1602 2120 quantitas
1621 1983 1744 2108 abso-

246 2135 343 2233 luta
352 2132 419 2261 fit
444 2131 645 2268 cognita3
683 2133 930 2269 requiritur
954 2133 1088 2259 linea,
1103 2147 1256 2268 ‘quam
1288 2163 1440 2274 corpus
1461 2136 1664 2258 describit
1681 2135 1745 2272 ek

243 2286 332 2385 loco
374 2287 477 2386 dato
521 2323 618 2384 cum
653 2285 763 2383 daea
817 2285 1044 2386 velocitate
1075 2285 1317 2410 flectendum
1366 2285 1526 2387 datam
1567 2283 1741 2390 reHam

242 2441 476 2579 egrediens.
620 2519 624 2526 -

227 2671 307 2761 Vis
326 2673 556 2786 centripeta
582 2669 754 2757 tendens
775 2669 827 2756 ad
853 2667 1049 2782 punctum
1080 2672 1174 2758 Sea
1203 2667 1266 2770 sn,
1289 2695 1369 2786 qua
1390 2697 1544 2786 corpus
1552 2689 1588 2786 p
1613 2677 1656 2759 in
1676 2698 1744 2760 or-

166 2797 260 2884 bita
279 2797 419 2912 quavis
442 2797 535 2880 data
547 2812 623 2908 pq
647 2812 829 2906 gyretur‚
855 2793 899 2882 ἃ
926 2795 1194 2906 cognoscatur
1223 2795 1339 2906 hujus
1366 2791 1559 2882 velocitas
1586 2795 1629 2883 in
1647 2795 1745 2883 loco

0 2979 2 2992 r
155 2943 210 3038 p.
269 2923 338 3009 De
367 2925 463 3008 loco
494 2921 538 3004 P
574 2919 798 3010 secundum
831 2921 977 3006 lineam
1005 2921 1100 3006 PR
1122 2941 1242 3010 exeat
1270 2947 1419 3036 corpus
1450 2922 1496 3006 P
1522 2945 1620 3007 cum
1650 2919 1745 3008 dato

1 3094 5 3113 ι
166 3050 406 3146 velocitate,
432 3046 477 3132 ἃ
506 3073 606 3132 mox
634 3046 745 3143 inde,
773 3069 950 3157 cogente
980 3048 1022 3133 vi
1048 3050 1300 3160 centrlpeta,
1342 3041 1534 3136 deflectat
1570 3045 1671 3136 illud
1700 3049 1745 3134 in

167 3178 270 3264 coni
299 3171 516 3262 lectionem
543 3175 586 3257 P
600 3174 653 3291 92.
709 3169 834 3258 Hanc
869 3175 994 3284 igitur
1019 3173 1127 3262 recia
1155 3173 1257 3260 PR
1289 3195 1430 3287 tanget
1461 3178 1505 3263 in
1523 3173 1578 3261 P.
1634 3169 1746 3260 Tan·

167 3327 241 3418 gat
265 3303 409 3386 itidem
437 3297 546 3385 tecla
573 3302 705 3412 aliqua

157 3450 235 3542 pr
259 3425 434 3511 orbitam
448 3439 516 3537 pq
533 3425 635 3532 inp,
663 3421 706 3505 δι
969 3511 972 3520 ,

167 3555 199 3642 fi
234 3553 286 3638 ab
313 3549 421 3635 Sad
448 3577 515 3635 eas
542 3569 704 3660 tangen-
740 3499 963 3858 s

1 3727 3 3743 ι
168 3701 232 3764 tes
242 3673 408 3763 demitti
427 3673 706 3783 intelligantur
739 3714 764 3759 r

1 3831 3 3840 ¹
168 3797 474 3914 perpendicula,
498 3795 576 3882 erit
612 3799 704 3906 (per
782 3787 803 3856 7

1 3981 3 4034 ;
169 3925 303 4008 corol.
342 3949 378 4004 t.
423 3946 542 4032 prop.
575 3925 704 4030 xvr.)

1 4127 2 4132 a
169 4051 274 4136 latus
303 4039 460 4130 retium
485 4044 705 4156 principale

1 4236 3 4290 ζ
170 4175 268 4260 coni
300 4167 487 4257 sectionis
520 4171 572 4256 ad
604 4173 705 4258 latus

170 4299 329 4386 retium
354 4295 576 4408 principale
596 4296 704 4383 orbi·

171 4445 225 4510 tae
257 4424 302 4508 in
334 4424 491 4508 ratione
531 4447 703 4535 compo·

173 4545 246 4631 sna
273 4573 326 4632 ex
354 4547 559 4660 duplicata
582 4547 704 4631 ratio-

171 4695 228 4756 ne
247 4671 633 4782 perpendiculorum
660 4669 704 4758 &
1072 4681 1089 4794 j

174 4793 379 4909 duplicata
408 4800 567 4884 ratione
592 4797 703 4883 velo·

175 4922 359 5022 citatum,
385 4945 507 5038 atque
534 4924 633 5010 ideo
654 4925 787 5014 datur.
833 4925 894 5013 Sit
915 4925 954 5012 L
974 4927 1070 5013 coni
1085 4921 1271 5012 sectionis
1289 4925 1392 5010 latus
1410 4921 1580 5010 tellum.
1607 4917 1740 5004 Datur

173 5069 371 5160 praeterea
388 5049 570 5163 ejusdem
590 5051 685 5138 coni
701 5052 885 5142 sectionis
906 5051 1121 5140 umbilicus
1143 5049 1183 5135 S.
1236 5050 1390 5156 Anguli
1410 5045 1544 5136 RPS
1562 5047 1743 5160 comple·

1367 5223 1379 5240 κ
1552 5191 1739 5266 mentum
