4344 5648
456 312 859 416 PRINCIPIA
907 309 1506 417 MATHEMATICA.
1663 347 1761 444 339

191 494 337 614 aPQ
356 489 408 578 ad
433 491 474 574 E
483 491 549 606 Fq
568 493 703 590 semel,
732 490 775 575 dc
805 489 962 574 ratione
983 473 1025 572 E
1036 489 1167 606 Fq-
1187 487 1318 608 PQ
1339 487 1390 575 ad
1420 486 1462 570 E
1471 485 1535 602 Fq
1553 489 1638 574 bis:
1667 489 1757 578 resr-
1773 575 1791 638 S
1817 498 1945 562 Lim

192 623 334 706 slentia
360 615 534 728 cylindri
559 619 639 702 erit
666 616 718 702 ad
745 615 828 700 vim
853 641 934 728 qua
956 634 1066 700 totus
1096 612 1181 722 ejus
1199 637 1348 712 motus,
1374 613 1529 698 interea
1548 611 1648 698 dum
1673 615 1761 702 lorr-
1801 596 1994 642 ⁸⁸⁸⁸⁸⁸⁸⁸

192 742 423 856 gitudinem
448 740 488 826 L
511 741 718 837 describit,
747 742 812 826 vel
840 740 927 824 tolli
951 737 1074 852 poffit
1100 739 1164 824 vel
1194 737 1393 850 generari,
1420 757 1467 824 ut
1487 737 1658 826 densitas
1680 762 1763 825 me·

191 872 250 957 dii
267 869 318 955 ad
334 866 574 954 densitatem
591 864 780 982 cylindri.

859 1087 1093 1191 Scholium.

247 1258 293 1344 lo
311 1260 386 1342 hac
417 1254 695 1368 propositione
721 1245 981 1342 resistentiam
1001 1253 1325 1366 investigavimus
1353 1280 1447 1370 quae
1483 1255 1615 1340 oritur
1641 1255 1763 1344 asola

194 1384 474 1496 magnitudine
508 1381 739 1466 transversa
765 1378 949 1467 sessionis
973 1383 1158 1495 cylindri,
1183 1379 1367 1492 negleda
1397 1381 1629 1472 refistentiae
1648 1405 1764 1493 parte

195 1534 288 1624 quae
322 1509 371 1592 ab
405 1505 645 1619 obliquitate
675 1526 864 1590 motuum
895 1507 995 1592 oriri
1025 1507 1159 1618 possit.
1213 1507 1319 1602 Nam
1348 1506 1702 1620 quemadmodum
1721 1507 1766 1592 in

192 1635 285 1720 casu
304 1634 439 1745 primo
460 1630 748 1742 propositionis
769 1657 920 1716 xxxvi.
949 1632 1165 1746 obliquitas
1188 1650 1393 1731 motuum,
1406 1630 1552 1745 quibus
1571 1650 1706 1744 partes
1725 1658 1765 1723 a·

195 1784 288 1872 quae
309 1758 359 1844 its
379 1755 484 1852 uase,
511 1755 695 1868 undique
721 1757 1026 1865 convergebant
1060 1759 1104 1846 in
1131 1755 1316 1850 foramen
1347 1756 1441 1856 EF,
1468 1754 1684 1869 impedivit
1707 1751 1763 1840 es·

193 1881 355 1970 fluxum
376 1904 491 1996 aquae
510 1879 615 1964 illius
635 1905 711 1994 per
732 1881 942 1968 foramen:
971 1881 1025 1966 sic
1053 1883 1097 1971 in
1123 1882 1198 1968 hac
1226 1881 1521 1993 propositione,
1548 1876 1764 1990 obliquitas

194 2027 400 2104 motuum,
434 2004 581 2120 quibus
602 2023 737 2116 partes
762 2031 879 2120 aquae
901 2005 952 2092 ab
978 2008 1184 2094 anteriore
1214 2007 1389 2116 cylindri
1416 2005 1594 2092 teratino
1610 1998 1765 2114 pressae,

194 2134 351 2220 cedunt
382 2131 577 2246 pressioni
604 2130 649 2216 dr
683 2132 867 2246 undique
889 2133 1126 2245 divergamu
1162 2134 1341 2226 retardat
1372 2157 1518 2218 eorum
1553 2125 1764 2220 orantum

193 2283 271 2370 pcr
300 2260 391 2344 loca
417 2260 460 2342 in
495 2258 671 2342 circuitu
712 2261 878 2344 termini
909 2260 1015 2360 illius
1042 2259 1320 2358 marcodeutis
1352 2257 1487 2347 versus
1520 2252 1765 2368 posteriores

197 2401 332 2495 partes
359 2380 547 2494 cylindri,
582 2376 796 2494 efficitque
821 2401 870 2466 ut
892 2381 1076 2480 fluidum„
1097 2384 1149 2470 ad
1176 2382 1371 2491 majorem
1399 2381 1626 2472 distantiam
1653 2391 1768 2465 com·

197 2527 411 2594 moveatur
433 2503 474 2588 &
496 2505 756 2590 refislentiam
785 2527 921 2616 auget,
948 2505 1075 2622 idque
1094 2509 1137 2594 in
1159 2534 1208 2593 ea
1225 2507 1312 2593 sere
1335 2508 1493 2592 ratione
1519 2531 1601 2620 qua
1621 2501 1766 2588 efflux-

195 2657 268 2718 um
296 2657 410 2745 aquae
428 2656 452 2716 e
473 2629 564 2714 vase
597 2629 804 2728 diminuit,
830 2631 873 2713 id
901 2631 972 2730 esl,
999 2633 1218 2718 iuratione
1240 2631 1445 2742 duplicata
1472 2657 1523 2734 25
1543 2627 1595 2712 ad
1616 2654 1663 2707 21
1686 2625 1767 2708 cir·

195 2759 314 2841 citer.
371 2752 425 2838 Et
452 2751 818 2864 quemadmodum,
852 2755 894 2838 in
920 2752 1342 2866 propoationis'illius
1371 2751 1464 2837 casu
1490 2750 1639 2862 primo,
1667 2741 1765 2834 effe·

198 2881 331 2965 cimus
360 2896 407 2962 ut
437 2895 705 2990 partesaquae
737 2877 1194 2988 perpendiculariter&
1222 2877 1398 2970 maxima
1415 2875 1534 2990 copia
1553 2869 1766 2960 tranfirent
1861 2884 1876 2899 ‘

195 3033 271 3120 per
300 3006 487 3090 foramen
517 3001 612 3100 EF,
648 3001 846 3114 ponendo
869 3008 985 3120 quod
1020 3033 1123 3121 aqua
1155 3005 1286 3090 omnis
1313 3005 1356 3090 in
1384 3002 1474 3087 vase
1506 3023 1600 3114 quae
1625 2999 1667 3084 in
1688 2998 1768 3083 cir·
2014 2991 2016 2998 ’

196 3131 311 3218 cuitu
338 3125 547 3212 catarasiae
574 3128 787 3236 mogelata
816 3127 961 3228 suerat,
987 3129 1034 3214 dc
1059 3127 1178 3236 cujus
1214 3149 1350 3212 motus
1383 3125 1572 3236 obliquus
1604 3141 1692 3206 erat
1721 3119 1766 3206 ὅτ

192 3256 364 3354 inutilis,
391 3276 575 3340 maneret
606 3254 857 3339 sinemotu:
894 3255 950 3340 sic
977 3257 1019 3343 in
1047 3256 1127 3343 bac
1149 3251 1445 3365 propositione,
1472 3267 1518 3335 ut
1548 3247 1766 3358 obliquitas

200 3401 389 3465 motuum
417 3381 597 3474 tollatur,
626 3376 830 3494 &partes
864 3403 980 3490 aquae
1010 3397 1128 3466 motu
1157 3377 1334 3466 maxime
1359 3372 1517 3460 diteslo
1546 3371 1590 3458 dr
1615 3371 1767 3458 brevis-

200 3500 301 3586 fimo
320 3497 515 3582 cedentes
534 3497 770 3581 facillimum
796 3498 1003 3610 praebeant
1032 3497 1240 3586 transitum
1273 3497 1476 3610 cylindro,
1504 3493 1547 3580 δι
1571 3493 1653 3579 sola
1682 3519 1766 3578 ma.

197 3646 292 3712 neat
320 3621 551 3721 resistentia,
571 3646 665 3735 quae
684 3621 814 3709 oritur
841 3651 863 3708 a
884 3625 1164 3738 magnitudine
1188 3619 1376 3713 sessionis
1396 3619 1639 3719 transvorsae,
1655 3643 1767 3734 quaa·

194 3773 279 3864 que
307 3745 482 3832 diminui
510 3769 596 3831 non
620 3745 755 3857 potest
776 3748 849 3833 nist
877 3749 1148 3855 diminuendo
1175 3748 1421 3840 diametrum
1450 3745 1638 3858 cylindri,
1666 3757 1786 3840 con-¹

198 3872 436 3986 cipiendum
455 3867 512 3954 est
531 3871 646 3983 quod
663 3891 808 3984 partes
834 3871 967 3974 fluidi,
998 3899 1171 3990 quarum
1199 3893 1336 3959 motus
1359 3873 1448 3966 sunt
1464 3868 1618 3983 obliqui
1639 3866 1682 3953 dc
1706 3869 1766 3954 in·

201 3996 320 4082 utiles
345 3992 390 4077 dc
416 3993 676 4086 resistentiam
703 4017 857 4098 creant,
894 4001 1100 4113 quiescant
1128 3998 1234 4100 inter
1259 3998 1297 4084 se
1321 3995 1373 4082 ad
1395 4017 1615 4114 utrumque
1639 3991 1764 4102 cylin-

200 4121 266 4208 dri
289 4117 584 4214 terminum,&
601 4119 833 4207 cobaereant
854 4123 897 4208 dc
922 4153 991 4237 cy·
1090 4123 1095 4134 ’
1409 4117 1413 4124 ’

194 4249 335 4337 lindro
367 4241 603 4354 jungantur.
671 4245 734 4330 Sit
774 4249 821 4330 A
832 4249 989 4335 ΒΜ)

198 4373 494 4484 reflangulum,
531 4369 574 4454 δι
601 4369 677 4456 sint
704 4372 797 4458 AE
823 4373 867 4458 dc
896 4363 990 4461 B'E

198 4527 316 4587 arcus
340 4498 428 4585 duo
458 4497 679 4610 parabolici
708 4525 784 4584 axe
805 4503 889 4586 AB
913 4505 986 4588 de·
1020 4549 1154 4620 F

202 4621 353 4733 scripti,
390 4623 517 4708 latere
548 4643 686 4708 autem
718 4621 832 4710 redo
871 4629 986 4741 quod

202 4745 250 4831 fit
277 4745 329 4828 ad
353 4743 522 4854 spatium
552 4747 650 4846 HG,
677 4747 990 4840 describendum

199 4893 224 4950 a
253 4865 441 4979 cylindro
459 4869 632 4957 cadente
651 4871 750 4957 dum
767 4874 1028 4964 velocitatem
1049 4882 1158 4972 suam
1183 4889 1371 5001 acquirit,
1396 4909 1442 4974 ut
1463 4888 1549 4972 HG
1574 4889 1623 4974 ad
1642 4885 1763 4986 ÷AB,

199 4987 290 5077 Sint
318 4990 442 5078 etiam
464 4989 603 5078 CF&
625 4995 731 5080 DF
748 5022 864 5082 arcus
889 5001 954 5084 alii
988 5002 1073 5088 duo
1100 5009 1334 5123 parabolici,
1361 5037 1435 5096 axe
1458 5011 1551 5096 CD
1570 5011 1614 5096 ἃ
1638 5013 1764 5097 latere

941 5120 1092 5209 an
1648 5129 1766 5220 rfflo
