4352 5646
481 261 884 364 PRINCIPIA
930 262 1521 370 MATHEMATICA.
1694 291 1789 399 379

40 439 54 500 t
285 438 379 544 caſs
394 459 431 531 3,
462 431 684 520 Dividatur
706 432 787 542 jam
811 435 979 524 annulus
998 436 1270 551 unusquisque
1297 437 1538 534 setlionibus
1566 435 1792 522 transversis
1806 517 1822 576 s
1850 439 1989 558 Mtte

230 562 273 646 in
298 559 512 672 particulas
534 560 764 646 innumeras
788 561 1079 646 constituentes
1103 559 1358 648 substantiam
1377 563 1556 648 absolute
1576 559 1619 644 &
1641 563 1793 648 unisor·
1834 536 2020 578 ΝΜ

228 692 351 773 miter
373 686 542 773 fluidam
561 721 573 782 ς
604 686 647 770 &
668 688 861 800 quoniam
883 687 946 770 hae
964 683 1159 772 sesiiones
1181 715 1265 774 non
1293 689 1469 800 speslant
1487 687 1544 779 ad
1559 689 1691 795 legem
1707 714 1793 774 mo·

226 832 291 898 tus
312 812 531 910 circularis,
558 809 628 895 sed
655 811 707 896 ad
734 809 1066 896 constitutionem
1103 809 1222 896 fluidi
1249 814 1509 900 solummodo
1537 813 1792 913 conducunt,

223 935 495 1047 perseverabit
522 951 659 1020 motus
681 933 886 1018 circularis
907 955 951 1018 ut
965 934 1087 1044 prius.
1134 931 1215 1020 His
1230 931 1474 1021 sessionibus
1491 936 1626 1022 annuli
1646 922 1788 1022 omnes

216 1085 346 1174 quam
360 1060 517 1146 minimi
533 1057 787 1169 asperitatem
803 1055 847 1140 dt
865 1058 948 1142 vim
968 1061 1127 1144 attritus
1147 1059 1280 1144 mutui
1295 1081 1362 1145 aut
1377 1086 1460 1146 non
1478 1061 1705 1158 mutabunt,
1720 1081 1789 1144 aot

222 1186 438 1271 mutabunt
453 1183 669 1296 aequaliter.
690 1177 745 1266 Et
769 1201 959 1267 manente
979 1183 1186 1270 caularum
1207 1185 1476 1294 proportione
1498 1183 1673 1268 manebit
1691 1180 1787 1268 effe·

223 1310 361 1396 duum
387 1307 617 1419 proportio,
647 1307 729 1390 hoc
756 1304 827 1402 ell,
851 1307 1066 1417 proportio
1086 1327 1275 1396 motuum
1303 1306 1665 1419 &periodicorum
1685 1325 1789 1391 tem·

221 1458 382 1544 porum.
439 1429 565 1550 ,⁶25
583 1431 646 1514 D.
709 1427 919 1516 Caeterum
934 1455 1051 1520 eum
1081 1450 1218 1522 motus
1245 1433 1464 1532 circularis,
1498 1431 1543 1516 &
1574 1431 1671 1516 inde
1698 1449 1788 1516 orta

215 1556 281 1642 vis
299 1554 542 1663 centrisuga,
568 1552 694 1662 maior
726 1549 771 1636 sit
794 1553 845 1640 ad
864 1553 1095 1664 eclipticam
1119 1580 1243 1667 quam
1262 1556 1313 1642 ad
1336 1559 1476 1667 polos;
1506 1555 1673 1640 debebit
1696 1581 1789 1640 cau-

218 1681 259 1766 sa
287 1684 418 1795 aliqua
451 1675 584 1766 adesse
604 1703 685 1791 qua
709 1679 918 1788 particula
945 1677 1109 1788 fingulae
1133 1688 1178 1768 in
1208 1681 1368 1764 circulis
1400 1680 1477 1765 suis
1504 1681 1784 1784 retineantur;

115 1849 121 1854 ·
218 1831 272 1894 ne
292 1807 583 1918 materiaque
603 1803 654 1887 ad
674 1803 903 1912 eclipticam
918 1801 988 1896 esi,
1004 1801 1169 1886 recedat
1184 1802 1341 1914 semper
1360 1832 1382 1887 a
1398 1825 1543 1890 centro
1563 1803 1605 1890 &
1629 1828 1700 1914 pet
1713 1829 1785 1890 ex-

217 1933 367 2018 teriora
387 1929 554 2015 vorticis
576 1927 725 2035 migret
743 1925 794 2011 ad
813 1927 943 2038 polos,
961 1926 1141 2039 indeque
1162 1951 1236 2037 pet
1248 1939 1366 2016 axem
1385 1925 1436 2012 ad
1459 1927 1688 2038 eclipticam
1707 1927 1786 2012 cir·

215 2055 420 2139 culatione
451 2071 653 2162 perpetua
669 2067 910 2134 revertatur.

272 2177 400 2262 Coros.
427 2201 460 2256 1.
484 2171 602 2257 Hinc
628 2192 766 2254 motus
790 2171 1001 2278 angulares
1025 2172 1202 2279 partium
1231 2171 1351 2257 fluidi
1377 2173 1485 2259 circa
1510 2199 1628 2258 axem
1657 2173 1785 2284 globi,

214 2299 307 2384 sunt
326 2296 541 2410 reciproce
559 2310 604 2377 ut
627 2290 822 2404 quadrata
841 2290 1116 2376 distantiarum
1143 2317 1167 2374 a
1195 2316 1340 2378 centro
1368 2291 1496 2399 globi,
1514 2291 1566 2396 ¹&
1589 2295 1783 2384 velocita-

211 2441 278 2507 tes
304 2419 496 2506 absolutae
532 2417 747 2526 reciproce
784 2435 831 2498 ut
864 2411 1008 2498 eadem
1040 2412 1236 2526 quadrata
1266 2415 1463 2527 applicata
1489 2414 1540 2500 ad
1581 2415 1782 2520 distantias

208 2543 265 2632 ab
282 2569 370 2630 axe.

271 2669 397 2756 Coros.
415 2695 456 2750 2.
492 2665 537 2749 Si
559 2665 703 2776 globus
729 2663 772 2748 in
801 2661 938 2746 fluido
962 2661 1196 2774 quiescente
1222 2661 1387 2749 ¹'fitnilari
1416 2663 1645 2752 &infinito
1672 2665 1781 2754 circa

207 2817 333 2896 axem
355 2789 559 2903 positione
578 2788 719 2874 datum
743 2785 942 2872 uniformi
963 2811 1059 2872 cum
1089 2807 1206 2874 motu
1228 2789 1476 2886 revolvatur,
1503 2791 1781 2878 communica.

212 2919 324 3002 bitur
346 2930 483 3001 motus
504 2908 638 2996 {luido
664 2912 707 3000 in
736 2935 897 2996 rnorem
924 2912 1109 3008 vorticis,
1135 2911 1178 2996 dr
1197 2931 1334 2998 motus
1364 2910 1435 2997 ille
1462 2911 1654 3022 paulatim
1684 2938 1778 3024 pro

207 3039 422 3154 pagabitur
443 3039 486 3122 in
508 3035 744 3130 infinitum,
775 3059 910 3146 neque
928 3035 1043 3145 prius
1065 3033 1228 3120 cessabit
1250 3038 1291 3122 in
1317 3033 1480 3143 ‘singulis
1503 3033 1621 3124 lluidi
1653 3039 1779 3147 parti-

211 3163 288 3248 bus
304 3159 534 3256 accelerari,
565 3182 689 3274 quam
716 3175 902 3267 tempora
922 3154 1131 3266 periodica
1159 3155 1401 3264 lingularum
1427 3155 1607 3265 partium
1638 3155 1713 3244 stnt
1731 3181 1778 3251 ut

210 3285 407 3398 quadrata
439 3283 760 3368 distantiaruma
791 3299 936 3364 oentro
955 3279 1079 3385 globi.

265 3407 392 3493 (brot.
425 3431 460 3501 3·
504 3402 714 3514 Quoniam
744 3400 917 3484 vorticis
936 3420 1072 3512 partes
1102 3399 1317 3488 interiores
1353 3399 1407 3484 ob
1439 3398 1635 3506 majorem
1667 3402 1777 3493 suam

209 3529 476 3615 velocitatem
492 3521 673 3612 atterant
688 3521 738 3607 dt
756 3543 905 3634 urgent
931 3525 1172 3622 exteriores,
1195 3545 1438 3636 motumque
1466 3519 1556 3634 ipsss
1565 3517 1777 3610 ea-adlio·

209 3679 262 3742 ne
283 3672 486 3766 perpetuo
511 3649 832 3746 communicant,
859 3649 1146 3736 &exteriores
1173 3651 1231 3736 illi
1261 3648 1442 3744 eandem
1458 3667 1594 3735 motus
1619 3651 1777 3762 quanti·

207 3801 337 3876 tatem
355 3779 397 3862 in
416 3777 513 3860 alios
527 3774 660 3860 adhuc
689 3774 912 3861 exteriores
935 3775 1050 3858 simul
1079 3773 1338 3870 transferunt,
1366 3797 1496 3884 eaque
1516 3773 1675 3862 selune
1696 3773 1777 3860 ser·

208 3921 304 3986 vant
322 3901 590 4012 quantitatem
609 3919 750 3988 motus
762 3897 823 3982 sui
841 3899 957 4008 plane
972 3897 1207 3984 insatiatam
1225 3936 1237 3995 ς
1263 3917 1377 4009 patet
1390 3897 1510 4008 quod
1531 3919 1667 3989 motus
1684 3925 1778 4010 perf

204 4045 337 4145 petuo
361 4021 600 4108 transfertur
617 4049 643 4106 a
662 4023 878 4107 centroad
905 4019 1280 4110 circumferentiam
1304 4019 1489 4116 vorticis,
1518 4017 1561 4102 de
1588 4046 1661 4128 per
1688 4021 1777 4108 ins,

191 4149 379 4250 „nitatem
405 4140 749 4234 'circumferentia
785 4141 1032 4232 absorbetur.
1087 4141 1265 4230 Materia
1297 4144 1403 4232 inter
1434 4140 1645 4251 sphaericae
1675 4143 1775 4238 duas

205 4269 366 4386 quasvis
394 4267 627 4380 superficies
657 4267 808 4352 vortici
834 4269 1114 4352 concentricas
1151 4293 1360 4382 nunquam
1387 4267 1694 4368 accelerabitur,
1722 4297 1775 4372 eo

206 4393 323 4506 qnod
342 4413 503 4478 motum
529 4417 697 4488 omnem
718 4417 741 4477 a
760 4391 927 4479 materia
945 4390 1142 4478 interiore
1166 4413 1389 4504 acceptum
1408 4389 1598 4484 transfert
1617 4393 1775 4507 semper

207 4515 253 4600 in
279 4519 539 4605 exteriorem.
1635 4517 1638 4522 ’

208 4671 212 4687 ·
266 4643 390 4729 Corsi.
411 4675 449 4748 4.
475 4641 658 4729 Proinde
674 4643 730 4728 ad
750 4641 1102 4730 molestationem
1118 4640 1289 4730 vorticis
1313 4637 1542 4730 constanter
1564 4639 1605 4735 in
1624 4639 1774 4730 eodem

209 4765 407 4854 movendi
429 4768 544 4867 statu,
571 4769 792 4882 requiritur
810 4770 1060 4881 principium
1081 4767 1251 4882 aliquod
1266 4767 1456 4864 teitaun,
1485 4791 1617 4876 aquo
1631 4765 1775 4872 globus

206 4891 383 4978 eandem
404 4891 560 5008 semper
578 4894 849 5006 quantitatem
876 4913 1016 4980 motus
1038 4893 1224 5004 accipiat,
1251 4917 1373 5006 quarn
1403 4888 1606 5000 imprimit
1630 4888 1671 4974 in
1695 4913 1776 4975 ma

921 5015 1091 5100 Ccc2
1630 5009 1777 5094 teriam
