4352 5646
424 279 819 402 PRINCIPIA
867 275 1468 380 MATHEMAthn.·
1644 319 1737 415 355

232 449 278 538 In
298 449 460 542 scholio,
477 445 590 560 quod
611 445 917 531 sedionisextae
937 443 1188 557 subjundlum
1208 449 1278 545 est,
1306 449 1552 552 ostendimus
1573 475 1646 564 per
1665 481 1735 538 ex.
1757 484 1763 505 ι
1799 459 1928 516 cinea

179 575 401 684 perimente
417 572 687 682 pendulorum
714 568 828 679 quod
853 567 1069 677 globorum
1082 571 1296 679 aequalium
1312 569 1353 652 ἃ
1369 569 1680 684 aequivelucium
1698 579 1742 660 in
1754 539 1771 599 ⁸
1782 555 1852 598 ⁵⁶⁰
1865 555 1882 600 ⁸
1896 545 1971 594 ⁰¹¹⁸·

12 427 20 484 l

12 679 20 732 ³
177 721 426 811 aereaque,
454 697 495 781 δι
523 713 693 806 argento
720 697 816 776 vivo
843 713 1052 778 motorum
1073 694 1302 778 relillentiae
1329 696 1417 779 sunt
1447 717 1491 778 ut
1516 697 1742 785 fluidorum

11 803 16 856 ³
176 821 404 908 densitates.
468 821 581 906 Idem
610 818 677 902 liic
705 816 955 900 ostendimus
988 819 1114 927 magis
1147 835 1334 906 accurate
1361 845 1434 930 per
1461 822 1743 932 experimenta

11 923 13 982 ⁷
174 967 399 1056 corporum
418 945 651 1029 cadentium
681 941 724 1025 in
741 947 833 1024 aere
862 938 905 1022 ἅν
933 966 1047 1054 aqua.
1102 943 1208 1028 Nam
1234 942 1409 1053 pendula
1440 944 1597 1054 fingulis
1626 948 1743 1033 oscil-

174 1067 393 1156 lationibus
425 1089 582 1152 motum
609 1067 718 1148 cient
751 1064 792 1147 in
821 1063 954 1148 fluido
980 1066 1306 1177 motuipenduli
1344 1069 1554 1154 redeuntis
1585 1070 1742 1182 semper

172 1193 442 1286 contrarium,
472 1191 515 1276 &
534 1189 750 1276 resistentia
764 1187 826 1271 ab
844 1190 924 1273 huc
944 1211 1061 1274 motu
1093 1191 1279 1290 oriunda,
1300 1210 1350 1272 ut
1377 1189 1419 1274 dc
1444 1191 1660 1277 residentia
1685 1197 1740 1279 lili

102 1315 103 1320 '
176 1343 264 1430 quo
289 1318 510 1428 pendulum
541 1311 866 1425 suspendebatur,
897 1333 1027 1398 totam
1055 1313 1223 1425 penduli
1242 1313 1510 1398 resistentiam
1543 1313 1739 1425 majorem

178 1437 444 1530 reddiderunt
462 1465 585 1554 quarn
604 1437 821 1522 resillentia
844 1461 937 1550 quae
955 1463 1029 1548 per
1049 1439 1328 1549 experimenta
1347 1464 1567 1549 corporum
1593 1443 1743 1528 caden-

177 1569 281 1654 tium
308 1568 475 1679 piodiit.
523 1561 699 1648 Etenim
722 1587 794 1672 per
818 1561 1107 1672 vexperimenta
1134 1565 1407 1674 pendulurum
1428 1566 1469 1649 in
1495 1566 1650 1652 scliolio
1672 1570 1742 1656 illu

174 1690 371 1803 exposita,
398 1689 543 1800 globus
559 1685 738 1795 ejusdem
765 1684 969 1770 densitatis
1000 1711 1097 1785 cuni
1129 1713 1245 1798 aquai
1278 1687 1549 1773 describendo
1568 1692 1744 1804 longitu-

176 1817 317 1903 dinem
337 1815 624 1902 semidiametri
644 1811 724 1899 suae
744 1813 786 1896 in
808 1819 914 1906 aere,
946 1811 1133 1897 amittere
1156 1811 1327 1898 deberet
1352 1817 1488 1898 motus
1506 1813 1565 1896 sui
1586 1835 1742 1924 partem

171 1957 280 2048 ππ.
337 1943 395 2026 Αι
419 1967 492 2052 ρετ
514 1938 715 2022 theoriam
746 1937 788 2020 in
811 1936 885 2020 hac
904 1935 1074 2046 septima
1094 1935 1273 2021 seslione
1300 1937 1522 2048 expositam
1551 1937 1595 2022 a
1622 1965 1743 2050 expe·

174 2067 358 2158 timentis
377 2061 613 2148 cadentium
632 2059 927 2152 confirmatam
957 2057 1100 2167 globus
1130 2059 1243 2146 idem
1273 2058 1543 2147 describendo
1568 2065 1743 2174 longitu-

174 2193 320 2278 dinem
341 2188 526 2281 eandem,
554 2184 740 2267 amittere
758 2182 930 2264 deberet
955 2201 1093 2262 motus
1111 2179 1169 2263 sui
1188 2202 1345 2290 partein
1371 2199 1604 2270 tantum*
1548 2237 1652 2288 ηπ,
1670 2213 1744 2298 po·

177 2314 254 2400 nro
279 2310 396 2424 quad
414 2307 588 2402 densitas
611 2327 727 2416 aquae
745 2304 793 2384 sit
814 2305 865 2386 ad
889 2302 1129 2387 densitatem
1157 2303 1261 2397 a‘e‘ris
1286 2324 1333 2388 ut
1363 2305 1441 2388 860
1463 2309 1514 2393 ad
1538 2339 1570 2398 ι
1626 2309 1744 2399 Resi-

175 2437 331 2524 slentiae
358 2434 482 2542 igitur
509 2455 583 2540 per
609 2426 888 2537 experimenta
927 2423 1201 2564 pendulurum
1228 2427 1400 2534 maiores
1439 2435 1632 2543 prodiere
1667 2436 1743 2541 (ob

171 2554 341 2646 causas
327 2573 410 2666 jam
438 2551 677 2692 descriptas)
690 2573 822 2690 quarn
850 2574 923 2660 per
949 2548 1230 2658 experimenta
1254 2549 1470 2655 globorum
1493 2555 1746 2663 cadentium,

170 2681 329 2798 idque
317 2707 362 2764 ιιι
380 2676 539 2764 ratione
560 2671 651 2777 4ad
674 2699 692 2771 ι
714 2672 891 2755 circiaer.
947 2672 1145 2762 Attamen
1166 2695 1261 2756 cuni
1286 2675 1590 2780 pendulorum
1579 2705 1623 2763 ιιι
1638 2687 1747 2788 aere,

167 2831 278 2922 aqua
301 2801 527 2912 &argento
547 2797 643 2882 aiva
670 2794 940 2890 oscillantium
963 2795 1195 2882 resdlentiae
1220 2796 1381 2899 aemfis
1400 2797 1589 2893 similibus
1606 2801 1745 2912 simili·-

172 2947 241 3014 ter
272 2943 507 3038 augeantur,
535 2918 749 3030 μιριιτιίο
776 2919 1121 3006 ιώ11ιιιι1ιιιιιιι
1110 2947 1153 3006 ιιι
1182 2921 1242 3006 bis
1273 2921 1434 3020 mediis,
1468 2941 1549 3010 tam
1573 2953 1647 3038 per
1669 2954 1742 3031 eir·

175 3055 404 3198 perimentia
424 3047 721 3162 mpendulurum
762 3071 885 3158 quani
913 3072 988 3156 pm
1012 3046 1298 3159 experimenta
1336 3073 1561 3160 corporum
1592 3051 1743 3139 caden-

172 3179 295 3276 tium,
322 3171 412 3260 satie
430 3169 541 3258 resia
557 3167 830 3254 exhibebitur.
885 3165 941 3250 Et
960 3168 1058 3254 inse
1075 3167 1271 3256 concludi
1298 3165 1431 3281 potest
1456 3171 1571 3282 quod
1591 3198 1742 3285 corpo·

172 3331 266 3388 rum
284 3305 327 3386 in
356 3300 494 3385 fluidis
521 3293 827 3404 quibuscunque
853 3293 1096 3378 fluidissimia
1121 3314 1330 3383 moturum
1350 3295 1596 3416 refistentire
1618 3305 1743 3386 caete·

167 3423 229 3512 ris
260 3417 437 3536 peribu,
463 3421 553 3504 suut
581 3436 627 3500 ut
646 3415 861 3503 densitates
886 3413 1124 3501 fluidarum

230 3547 335 3636 Hit
326 3569 381 3633 ita
392 3543 589 3636 stabilitis,
615 3539 789 3626 dicere
775 3565 858 3648 Jam
878 3541 992 3624 licet
996 3567 1213 3654 quartanam
1233 3559 1371 3626 ιιιοιιιι
1395 3540 1455 3626 sui
1476 3492 1635 3654 partem
1644 3548 1742 3690 ’glu-

170 3677 250 3760 lauc
276 3673 463 3786 quilibet,
494 3669 535 3753 iu
559 3663 692 3751 fluido
716 3687 969 3776 quaeritque
992 3665 1206 3779 ρτοῂἑίιιι,
1235 3667 1333 3750 dato
1361 3686 1552 3780 ternpore
1572 3674 1749 3776 amittet⁴

162 3799 497 3915 quamproxime.
552 3791 614 3875 Sir
632 3789 677 3872 D
697 3789 899 3879 damner
918 3790 1046 3898 globi,
1069 3789 1118 3883 ae
1147 3793 1181 3872 V
1199 3791 1447 3877 uelocitas
1412 3819 1451 3900 ε]
1453 3820 1497 3878 us
1524 3795 1630 3882 sub
1618 3799 1740 3886 initio

171 3946 324 4019 matus,
351 3920 394 4004 dr
419 3917 465 4001 Τ
490 3939 667 4028 teinpus,
694 3937 780 4026 quu
803 3913 946 4020 glabris
977 3915 1198 4003 velocitate
1224 3911 1304 3998 V
1293 3941 1337 4000 ia
1366 3943 1497 4001 uacuo
1535 3919 1740 4010 describat

164 4042 362 4158 spatium,
376 4035 940 4184 quodsitadspauumsDur
960 4037 1132 4124 eleusinae
1150 4036 1320 4146 globiad
1342 4037 1581 4128 densitatem
1599 4043 1740 4134 fluidi:

160 4165 218 4256 ,dr
241 4169 427 4281 globus
416 4191 463 4251 in
484 4162 617 4248 fluida
649 4163 720 4245 illo
747 4159 966 4272 projecitur,
999 4161 1191 4274 rummare
1222 4161 1367 4274 quirais
1403 4167 1483 4250 alio
1509 4185 1545 4266 t
1580 4169 1741 4277 amittet

712 4281 794 4367 als
1255 4283 1342 4370 Tu

171 4355 398 4448 velocitatis
416 4351 498 4442 suae
522 4369 679 4466 partem
700 4397 847 4524 effi,
834 4370 1075 4449 ,manente
1093 4371 1213 4466 parte
1235 4399 1391 4518 m,
1439 4351 1483 4442 dc
1536 4331 1739 4466 describet

172 4546 359 4660 spatium,
373 4543 491 4660 quad
511 4542 557 4629 sit
578 4539 631 4624 ad
650 4541 821 4654 spaniam
842 4541 1035 4636 unisurrai
1058 4539 1277 4627 velocitate
1299 4539 1340 4627 :V
1362 4543 1519 4630 eodem
1548 4565 1738 4660 tempore

1209 4663 1331 4882 'ET-ff
1352 4732 1640 4845 multiplicatus
1663 4756 1738 4842 per

919 4918 958 5006 Z
980 4947 1004 5006 z
1025 4948 1050 5001 2
1522 4941 1740 5003 numerum

171 4733 454 4848 descriptum
443 4759 486 4820 iu
505 4754 650 4832 vacuo,
678 4750 724 4815 ut
744 4733 1011 4843 logaritlimus
1027 4733 1186 4818 numeri
