<?xml version="1.0" encoding="UTF-8"?>
<!DOCTYPE html PUBLIC "-//W3C//DTD XHTML 1.0 Transitional//EN"
    "http://www.w3.org/TR/xhtml1/DTD/xhtml1-transitional.dtd">
<html xmlns="http://www.w3.org/1999/xhtml" xml:lang="en" lang="en">
 <head>
  <title>
</title>
<meta http-equiv="Content-Type" content="text/html;charset=utf-8" />
  <meta name='ocr-system' content='tesseract 3.04.00' />
  <meta name='ocr-capabilities' content='ocr_page ocr_carea ocr_par ocr_line ocrx_word'/>
</head>
<body>
  <div class='ocr_page' id='page_1' title='image "./philosophinatur00cotegoog_0024.png"; bbox 0 0 4450 5674; ppageno 0'>
   <div class='ocr_carea' id='block_1_1' title="bbox 692 271 1336 376">
    <p class='ocr_par' dir='ltr' id='par_1_1' title="bbox 692 271 1336 376">
     <span class='ocr_line' id='line_1_1' title="bbox 692 271 1336 376; baseline 0.006 -4"><span class='ocrx_word' id='word_1_1' title='bbox 692 271 1336 376; x_wconf 70' lang='lat' dir='ltr'><strong>PRAEFATIO.-</strong></span> 
     </span>
    </p>
   </div>
   <div class='ocr_carea' id='block_1_2' title="bbox 197 437 1790 3799">
    <p class='ocr_par' dir='ltr' id='par_1_2' title="bbox 200 437 1764 1195">
     <span class='ocr_line' id='line_1_2' title="bbox 203 437 1764 552; baseline 0.001 -24"><span class='ocrx_word' id='word_1_2' title='bbox 203 441 323 528; x_wconf 89' lang='lat' dir='ltr'><strong>dibus</strong></span> <span class='ocrx_word' id='word_1_3' title='bbox 337 437 476 528; x_wconf 85' lang='lat' dir='ltr'><strong>uostris</strong></span> <span class='ocrx_word' id='word_1_4' title='bbox 496 457 668 538; x_wconf 87' lang='lat' dir='ltr'><strong>remota,</strong></span> <span class='ocrx_word' id='word_1_5' title='bbox 697 461 941 552; x_wconf 86' lang='lat' dir='ltr'><strong>perventum</strong></span> <span class='ocrx_word' id='word_1_6' title='bbox 967 442 1102 527; x_wconf 90' lang='lat' dir='ltr'><strong>fuerit.</strong></span> <span class='ocrx_word' id='word_1_7' title='bbox 1158 441 1366 526; x_wconf 90' lang='lat' dir='ltr'><strong>Convenit</strong></span> <span class='ocrx_word' id='word_1_8' title='bbox 1384 440 1464 548; x_wconf 85' lang='lat' dir='ltr'><strong>jam</strong></span> <span class='ocrx_word' id='word_1_9' title='bbox 1493 441 1599 526; x_wconf 88' lang='lat' dir='ltr'><strong>inter</strong></span> <span class='ocrx_word' id='word_1_10' title='bbox 1617 467 1764 530; x_wconf 83' lang='lat' dir='ltr'><strong>omnes</strong></span> 
     </span>
     <span class='ocr_line' id='line_1_3' title="bbox 201 568 1758 684; baseline 0.001 -30"><span class='ocrx_word' id='word_1_11' title='bbox 201 569 485 684; x_wconf 85' lang='lat' dir='ltr'><strong>philosophos,</strong></span> <span class='ocrx_word' id='word_1_12' title='bbox 524 595 699 681; x_wconf 91' lang='lat' dir='ltr'><strong>corpora</strong></span> <span class='ocrx_word' id='word_1_13' title='bbox 726 569 906 654; x_wconf 86' lang='lat' dir='ltr'><strong>universa</strong></span> <span class='ocrx_word' id='word_1_14' title='bbox 932 568 1291 654; x_wconf 87' lang='lat' dir='ltr'><strong>circumterrellria</strong></span> <span class='ocrx_word' id='word_1_15' title='bbox 1311 570 1510 677; x_wconf 87' lang='lat' dir='ltr'><strong>gravitate</strong></span> <span class='ocrx_word' id='word_1_16' title='bbox 1537 571 1578 652; x_wconf 94' lang='lat' dir='ltr'><strong>in</strong></span> <span class='ocrx_word' id='word_1_17' title='bbox 1598 591 1758 656; x_wconf 89' lang='lat' dir='ltr'><strong>terram.</strong></span> 
     </span>
     <span class='ocr_line' id='line_1_4' title="bbox 200 687 1759 810; baseline -0.001 -28"><span class='ocrx_word' id='word_1_18' title='bbox 200 697 321 782; x_wconf 92' lang='lat' dir='ltr'><strong>Nulla</strong></span> <span class='ocrx_word' id='word_1_19' title='bbox 354 693 443 782; x_wconf 88' lang='lat' dir='ltr'><strong>dari</strong></span> <span class='ocrx_word' id='word_1_20' title='bbox 473 721 650 810; x_wconf 90' lang='lat' dir='ltr'><strong>corpora</strong></span> <span class='ocrx_word' id='word_1_21' title='bbox 675 721 770 780; x_wconf 89' lang='lat' dir='ltr'><strong>vere</strong></span> <span class='ocrx_word' id='word_1_22' title='bbox 796 696 912 795; x_wconf 89' lang='lat' dir='ltr'><strong>levia,</strong></span> <span class='ocrx_word' id='word_1_23' title='bbox 948 696 1190 805; x_wconf 85' lang='lat' dir='ltr'><strong>jamdudum</strong></span> <span class='ocrx_word' id='word_1_24' title='bbox 1224 696 1480 782; x_wconf 84' lang='lat' dir='ltr'><strong>confirmavit</strong></span> <span class='ocrx_word' id='word_1_25' title='bbox 1506 687 1759 810; x_wconf 77' lang='lat' dir='ltr'><strong>experientia</strong></span> 
     </span>
     <span class='ocr_line' id='line_1_5' title="bbox 201 809 1758 939; baseline 0 -29"><span class='ocrx_word' id='word_1_26' title='bbox 201 825 429 936; x_wconf 86' lang='lat' dir='ltr'>multiplex.</span> <span class='ocrx_word' id='word_1_27' title='bbox 483 828 590 939; x_wconf 85' lang='lat' dir='ltr'><strong>Quae</strong></span> <span class='ocrx_word' id='word_1_28' title='bbox 610 827 912 910; x_wconf 88' lang='lat' dir='ltr'><strong>diciturlevitas</strong></span> <span class='ocrx_word' id='word_1_29' title='bbox 930 826 1106 923; x_wconf 86' lang='lat' dir='ltr'><strong>relativa,</strong></span> <span class='ocrx_word' id='word_1_30' title='bbox 1133 851 1216 909; x_wconf 93' lang='lat' dir='ltr'><strong>non</strong></span> <span class='ocrx_word' id='word_1_31' title='bbox 1237 825 1292 908; x_wconf 89' lang='lat' dir='ltr'><strong>est</strong></span> <span class='ocrx_word' id='word_1_32' title='bbox 1306 851 1400 908; x_wconf 89' lang='lat' dir='ltr'><strong>vera</strong></span> <span class='ocrx_word' id='word_1_33' title='bbox 1420 827 1572 922; x_wconf 87' lang='lat' dir='ltr'><strong>levitas,</strong></span> <span class='ocrx_word' id='word_1_34' title='bbox 1598 809 1666 910; x_wconf 87' lang='lat' dir='ltr'><strong>led</strong></span> <span class='ocrx_word' id='word_1_35' title='bbox 1689 853 1758 938; x_wconf 89' lang='lat' dir='ltr'><strong>ap·</strong></span> 
     </span>
     <span class='ocr_line' id='line_1_6' title="bbox 203 951 1756 1070; baseline -0.003 -26"><span class='ocrx_word' id='word_1_36' title='bbox 203 984 348 1070; x_wconf 87' lang='lat' dir='ltr'><strong>parcns</strong></span> <span class='ocrx_word' id='word_1_37' title='bbox 372 954 655 1050; x_wconf 90' lang='lat' dir='ltr'><strong>solummodo;</strong></span> <span class='ocrx_word' id='word_1_38' title='bbox 686 951 873 1036; x_wconf 80' lang='lat' dir='ltr'><strong>&amp;oritur</strong></span> <span class='ocrx_word' id='word_1_39' title='bbox 891 980 912 1035; x_wconf 89' lang='lat' dir='ltr'><strong>a</strong></span> <span class='ocrx_word' id='word_1_40' title='bbox 927 951 1194 1063; x_wconf 82' lang='lat' dir='ltr'><strong>praepollente</strong></span> <span class='ocrx_word' id='word_1_41' title='bbox 1208 951 1405 1062; x_wconf 84' lang='lat' dir='ltr'><strong>gravitate</strong></span> <span class='ocrx_word' id='word_1_42' title='bbox 1423 977 1646 1064; x_wconf 90' lang='lat' dir='ltr'><strong>corporum</strong></span> <span class='ocrx_word' id='word_1_43' title='bbox 1660 981 1756 1040; x_wconf 80' lang='lat' dir='ltr'><strong>con·</strong></span> 
     </span>
     <span class='ocr_line' id='line_1_7' title="bbox 201 1087 1214 1195; baseline 0.006 -27"><span class='ocrx_word' id='word_1_44' title='bbox 201 1087 423 1195; x_wconf 88' lang='lat' dir='ltr'><strong>tiguorum.</strong></span> <span class='ocrx_word' id='word_1_45' title='bbox 1212 1171 1214 1174; x_wconf 85' lang='grc'>,</span> 
     </span>
    </p>

    <p class='ocr_par' dir='ltr' id='par_1_3' title="bbox 197 1199 1790 2436">
     <span class='ocr_line' id='line_1_8' title="bbox 256 1199 1755 1316; baseline -0.003 -24"><span class='ocrx_word' id='word_1_46' title='bbox 256 1209 403 1306; x_wconf 85' lang='lat' dir='ltr'><strong>Portu,</strong></span> <span class='ocrx_word' id='word_1_47' title='bbox 439 1225 484 1291; x_wconf 93' lang='lat' dir='ltr'><strong>ut</strong></span> <span class='ocrx_word' id='word_1_48' title='bbox 513 1231 688 1316; x_wconf 85' lang='lat' dir='ltr'><strong>corpora</strong></span> <span class='ocrx_word' id='word_1_49' title='bbox 715 1199 895 1285; x_wconf 90' lang='lat' dir='ltr'><strong>universa</strong></span> <span class='ocrx_word' id='word_1_50' title='bbox 917 1202 1116 1308; x_wconf 86' lang='lat' dir='ltr'><strong>gravitent</strong></span> <span class='ocrx_word' id='word_1_51' title='bbox 1132 1203 1172 1285; x_wconf 91' lang='lat' dir='ltr'><strong>in</strong></span> <span class='ocrx_word' id='word_1_52' title='bbox 1198 1221 1361 1297; x_wconf 89' lang='lat' dir='ltr'><strong>terram,</strong></span> <span class='ocrx_word' id='word_1_53' title='bbox 1385 1201 1440 1284; x_wconf 90' lang='lat' dir='ltr'><strong>ita</strong></span> <span class='ocrx_word' id='word_1_54' title='bbox 1460 1219 1565 1281; x_wconf 89' lang='lat' dir='ltr'><strong>terra</strong></span> <span class='ocrx_word' id='word_1_55' title='bbox 1585 1199 1755 1286; x_wconf 86' lang='lat' dir='ltr'><strong>viclffim</strong></span> 
     </span>
     <span class='ocr_line' id='line_1_9' title="bbox 201 1323 1755 1444; baseline -0.004 -26"><span class='ocrx_word' id='word_1_56' title='bbox 201 1335 246 1420; x_wconf 91' lang='lat' dir='ltr'><strong>in</strong></span> <span class='ocrx_word' id='word_1_57' title='bbox 261 1359 437 1444; x_wconf 91' lang='lat' dir='ltr'><strong>corpora</strong></span> <span class='ocrx_word' id='word_1_58' title='bbox 457 1332 664 1444; x_wconf 86' lang='lat' dir='ltr'><strong>aequaliter</strong></span> <span class='ocrx_word' id='word_1_59' title='bbox 683 1329 875 1436; x_wconf 86' lang='lat' dir='ltr'><strong>gravitat;</strong></span> <span class='ocrx_word' id='word_1_60' title='bbox 895 1326 1099 1434; x_wconf 85' lang='lat' dir='ltr'><strong>gravitatis</strong></span> <span class='ocrx_word' id='word_1_61' title='bbox 1122 1329 1231 1410; x_wconf 88' lang='lat' dir='ltr'><strong>enim</strong></span> <span class='ocrx_word' id='word_1_62' title='bbox 1252 1323 1453 1409; x_wconf 71' lang='lat' dir='ltr'><strong>atlionem</strong></span> <span class='ocrx_word' id='word_1_63' title='bbox 1474 1324 1552 1408; x_wconf 85' lang='lat' dir='ltr'><strong>elle</strong></span> <span class='ocrx_word' id='word_1_64' title='bbox 1574 1346 1755 1412; x_wconf 88' lang='lat' dir='ltr'><strong>mutuam</strong></span> 
     </span>
     <span class='ocr_line' id='line_1_10' title="bbox 204 1448 1790 1566; baseline -0.003 -27"><span class='ocrx_word' id='word_1_65' title='bbox 204 1456 246 1541; x_wconf 76' lang='grc' dir='ltr'><strong>δι</strong></span> <span class='ocrx_word' id='word_1_66' title='bbox 265 1457 455 1566; x_wconf 91' lang='lat' dir='ltr'><strong>utrinque</strong></span> <span class='ocrx_word' id='word_1_67' title='bbox 469 1455 680 1566; x_wconf 86' lang='lat' dir='ltr'><strong>aequalem,</strong></span> <span class='ocrx_word' id='word_1_68' title='bbox 708 1451 760 1534; x_wconf 87' lang='lat' dir='ltr'><strong>fic</strong></span> <span class='ocrx_word' id='word_1_69' title='bbox 785 1448 1023 1533; x_wconf 88' lang='lat' dir='ltr'><strong>ostenditur.</strong></span> <span class='ocrx_word' id='word_1_70' title='bbox 1077 1449 1355 1558; x_wconf 88' lang='lat' dir='ltr'><strong>Dillinguatur</strong></span> <span class='ocrx_word' id='word_1_71' title='bbox 1381 1469 1499 1532; x_wconf 86' lang='lat' dir='ltr'><strong>terrae</strong></span> <span class='ocrx_word' id='word_1_72' title='bbox 1527 1451 1650 1532; x_wconf 90' lang='lat' dir='ltr'><strong>totius</strong></span> <span class='ocrx_word' id='word_1_73' title='bbox 1669 1477 1756 1534; x_wconf 92' lang='lat' dir='ltr'><strong>mo·</strong></span> <span class='ocrx_word' id='word_1_74' title='bbox 1787 1559 1790 1566; x_wconf 19' lang='lat'><strong>⁴</strong></span> 
     </span>
     <span class='ocr_line' id='line_1_11' title="bbox 203 1574 1753 1690; baseline -0.008 -25"><span class='ocrx_word' id='word_1_75' title='bbox 203 1583 261 1665; x_wconf 91' lang='lat' dir='ltr'><strong>les</strong></span> <span class='ocrx_word' id='word_1_76' title='bbox 280 1582 321 1664; x_wconf 93' lang='lat' dir='ltr'><strong>in</strong></span> <span class='ocrx_word' id='word_1_77' title='bbox 342 1581 451 1664; x_wconf 90' lang='lat' dir='ltr'><strong>binas</strong></span> <span class='ocrx_word' id='word_1_78' title='bbox 469 1579 730 1690; x_wconf 88' lang='lat' dir='ltr'><strong>quascunque</strong></span> <span class='ocrx_word' id='word_1_79' title='bbox 757 1594 903 1686; x_wconf 89' lang='lat' dir='ltr'><strong>partes,</strong></span> <span class='ocrx_word' id='word_1_80' title='bbox 930 1574 994 1657; x_wconf 89' lang='lat' dir='ltr'><strong>vel</strong></span> <span class='ocrx_word' id='word_1_81' title='bbox 1013 1576 1184 1684; x_wconf 80' lang='lat' dir='ltr'><strong>aequales</strong></span> <span class='ocrx_word' id='word_1_82' title='bbox 1204 1575 1268 1656; x_wconf 89' lang='lat' dir='ltr'><strong>vel</strong></span> <span class='ocrx_word' id='word_1_83' title='bbox 1289 1593 1499 1685; x_wconf 87' lang='lat' dir='ltr'><strong>utcunque</strong></span> <span class='ocrx_word' id='word_1_84' title='bbox 1520 1575 1753 1685; x_wconf 80' lang='lat' dir='ltr'><strong>inaequales:</strong></span> 
     </span>
     <span class='ocr_line' id='line_1_12' title="bbox 197 1695 1756 1814; baseline -0.001 -26"><span class='ocrx_word' id='word_1_85' title='bbox 197 1705 328 1814; x_wconf 82' lang='lat' dir='ltr'><strong>jansst</strong></span> <span class='ocrx_word' id='word_1_86' title='bbox 364 1702 547 1814; x_wconf 89' lang='lat' dir='ltr'><strong>pondera</strong></span> <span class='ocrx_word' id='word_1_87' title='bbox 570 1702 747 1812; x_wconf 87' lang='lat' dir='ltr'><strong>partium</strong></span> <span class='ocrx_word' id='word_1_88' title='bbox 778 1724 861 1781; x_wconf 92' lang='lat' dir='ltr'><strong>non</strong></span> <span class='ocrx_word' id='word_1_89' title='bbox 895 1695 1019 1780; x_wconf 88' lang='lat' dir='ltr'><strong>ellent</strong></span> <span class='ocrx_word' id='word_1_90' title='bbox 1050 1698 1092 1780; x_wconf 86' lang='lat' dir='ltr'><strong>itt</strong></span> <span class='ocrx_word' id='word_1_91' title='bbox 1126 1697 1168 1781; x_wconf 90' lang='lat' dir='ltr'><strong>le</strong></span> <span class='ocrx_word' id='word_1_92' title='bbox 1195 1717 1339 1780; x_wconf 93' lang='lat' dir='ltr'><strong>mutuo</strong></span> <span class='ocrx_word' id='word_1_93' title='bbox 1362 1699 1548 1810; x_wconf 76' lang='lat' dir='ltr'><strong>aqualia3</strong></span> <span class='ocrx_word' id='word_1_94' title='bbox 1587 1697 1756 1786; x_wconf 90' lang='lat' dir='ltr'><strong>cederet</strong></span> 
     </span>
     <span class='ocr_line' id='line_1_13' title="bbox 202 1817 1756 1942; baseline -0.002 -28"><span class='ocrx_word' id='word_1_95' title='bbox 202 1831 362 1942; x_wconf 92' lang='lat' dir='ltr'><strong>pondus</strong></span> <span class='ocrx_word' id='word_1_96' title='bbox 383 1827 514 1911; x_wconf 91' lang='lat' dir='ltr'><strong>minus</strong></span> <span class='ocrx_word' id='word_1_97' title='bbox 531 1827 685 1934; x_wconf 88' lang='lat' dir='ltr'><strong>maj0ri,</strong></span> <span class='ocrx_word' id='word_1_98' title='bbox 703 1823 745 1906; x_wconf 90' lang='lat'>&amp;</span> <span class='ocrx_word' id='word_1_99' title='bbox 762 1841 894 1933; x_wconf 89' lang='lat' dir='ltr'><strong>partes</strong></span> <span class='ocrx_word' id='word_1_100' title='bbox 912 1817 1139 1930; x_wconf 69' lang='lat' dir='ltr'><strong>conjunflae</strong></span> <span class='ocrx_word' id='word_1_101' title='bbox 1160 1843 1376 1934; x_wconf 84' lang='lat' dir='ltr'><strong>pergerent</strong></span> <span class='ocrx_word' id='word_1_102' title='bbox 1396 1821 1502 1908; x_wconf 72' lang='lat' dir='ltr'><strong>retia</strong></span> <span class='ocrx_word' id='word_1_103' title='bbox 1528 1827 1685 1910; x_wconf 91' lang='lat' dir='ltr'><strong>moveri</strong></span> <span class='ocrx_word' id='word_1_104' title='bbox 1704 1827 1756 1911; x_wconf 85' lang='lat' dir='ltr'><strong>ad</strong></span> 
     </span>
     <span class='ocr_line' id='line_1_14' title="bbox 202 1946 1756 2062; baseline -0.001 -23"><span class='ocrx_word' id='word_1_105' title='bbox 202 1955 421 2050; x_wconf 86' lang='lat' dir='ltr'><strong>infinitum,</strong></span> <span class='ocrx_word' id='word_1_106' title='bbox 448 1953 584 2037; x_wconf 86' lang='lat' dir='ltr'><strong>versus</strong></span> <span class='ocrx_word' id='word_1_107' title='bbox 601 1954 757 2062; x_wconf 84' lang='lat' dir='ltr'>plagam</span> <span class='ocrx_word' id='word_1_108' title='bbox 773 1949 952 2062; x_wconf 86' lang='lat' dir='ltr'><strong>inquam</strong></span> <span class='ocrx_word' id='word_1_109' title='bbox 968 1949 1101 2032; x_wconf 89' lang='lat' dir='ltr'><strong>tendit</strong></span> <span class='ocrx_word' id='word_1_110' title='bbox 1121 1949 1281 2059; x_wconf 92' lang='lat' dir='ltr'><strong>pondus</strong></span> <span class='ocrx_word' id='word_1_111' title='bbox 1300 1946 1444 2056; x_wconf 87' lang='lat' dir='ltr'><strong>majus:</strong></span> <span class='ocrx_word' id='word_1_112' title='bbox 1474 1950 1644 2036; x_wconf 89' lang='lat' dir='ltr'><strong>omnino</strong></span> <span class='ocrx_word' id='word_1_113' title='bbox 1659 1977 1756 2038; x_wconf 92' lang='lat' dir='ltr'><strong>con·</strong></span> 
     </span>
     <span class='ocr_line' id='line_1_15' title="bbox 202 2073 1766 2190; baseline -0.002 -25"><span class='ocrx_word' id='word_1_114' title='bbox 202 2099 264 2165; x_wconf 91' lang='lat' dir='ltr'><strong>tra</strong></span> <span class='ocrx_word' id='word_1_115' title='bbox 275 2077 580 2190; x_wconf 87' lang='lat' dir='ltr'><strong>experientiam.</strong></span> <span class='ocrx_word' id='word_1_116' title='bbox 628 2075 767 2186; x_wconf 86' lang='lat' dir='ltr'><strong>ltaque</strong></span> <span class='ocrx_word' id='word_1_117' title='bbox 793 2073 1016 2158; x_wconf 91' lang='lat' dir='ltr'><strong>dicendum</strong></span> <span class='ocrx_word' id='word_1_118' title='bbox 1047 2074 1140 2170; x_wconf 90' lang='lat' dir='ltr'><strong>erit,</strong></span> <span class='ocrx_word' id='word_1_119' title='bbox 1166 2073 1346 2184; x_wconf 90' lang='lat' dir='ltr'><strong>pondera</strong></span> <span class='ocrx_word' id='word_1_120' title='bbox 1377 2077 1549 2184; x_wconf 89' lang='lat' dir='ltr'><strong>partium</strong></span> <span class='ocrx_word' id='word_1_121' title='bbox 1571 2079 1614 2161; x_wconf 92' lang='lat' dir='ltr'><strong>in</strong></span> <span class='ocrx_word' id='word_1_122' title='bbox 1635 2078 1766 2190; x_wconf 75' lang='lat' dir='ltr'><strong>aequi·&#39;</strong></span> 
     </span>
     <span class='ocr_line' id='line_1_16' title="bbox 202 2193 1756 2308; baseline 0.001 -24"><span class='ocrx_word' id='word_1_123' title='bbox 202 2205 323 2288; x_wconf 91' lang='lat' dir='ltr'><strong>librio</strong></span> <span class='ocrx_word' id='word_1_124' title='bbox 343 2201 421 2286; x_wconf 81' lang='lat' dir='ltr'><strong>elle</strong></span> <span class='ocrx_word' id='word_1_125' title='bbox 441 2201 674 2285; x_wconf 88' lang='lat' dir='ltr'><strong>constituta:</strong></span> <span class='ocrx_word' id='word_1_126' title='bbox 704 2199 785 2282; x_wconf 92' lang='lat' dir='ltr'><strong>hoc</strong></span> <span class='ocrx_word' id='word_1_127' title='bbox 814 2199 885 2298; x_wconf 86' lang='lat' dir='ltr'><strong>est,</strong></span> <span class='ocrx_word' id='word_1_128' title='bbox 907 2196 1111 2308; x_wconf 85' lang='lat' dir='ltr'><strong>gravitatis</strong></span> <span class='ocrx_word' id='word_1_129' title='bbox 1129 2193 1328 2283; x_wconf 70' lang='lat' dir='ltr'><strong>adlionem</strong></span> <span class='ocrx_word' id='word_1_130' title='bbox 1352 2196 1430 2282; x_wconf 82' lang='lat' dir='ltr'><strong>elle</strong></span> <span class='ocrx_word' id='word_1_131' title='bbox 1449 2222 1631 2286; x_wconf 86' lang='lat' dir='ltr'><strong>mutuam</strong></span> <span class='ocrx_word' id='word_1_132' title='bbox 1649 2202 1694 2288; x_wconf 77' lang='grc' dir='ltr'><strong>δι</strong></span> <span class='ocrx_word' id='word_1_133' title='bbox 1711 2227 1756 2286; x_wconf 87' lang='grc' dir='ltr'><strong>ιι-</strong></span> 
     </span>
     <span class='ocr_line' id='line_1_17' title="bbox 201 2325 1765 2436; baseline -0.006 -25"><span class='ocrx_word' id='word_1_134' title='bbox 201 2329 365 2436; x_wconf 91' lang='lat' dir='ltr'><strong>trinque</strong></span> <span class='ocrx_word' id='word_1_135' title='bbox 387 2325 595 2436; x_wconf 84' lang='lat' dir='ltr'><strong>aequalem.</strong></span> <span class='ocrx_word' id='word_1_136' title='bbox 1760 2389 1765 2402; x_wconf 92' lang='lat'><em>.</em></span> 
     </span>
    </p>

    <p class='ocr_par' dir='ltr' id='par_1_4' title="bbox 201 2447 1766 3547">
     <span class='ocr_line' id='line_1_18' title="bbox 258 2447 1757 2557; baseline 0.001 -24"><span class='ocrx_word' id='word_1_137' title='bbox 258 2450 447 2536; x_wconf 88' lang='lat' dir='ltr'><strong>Pondera</strong></span> <span class='ocrx_word' id='word_1_138' title='bbox 468 2471 704 2557; x_wconf 90' lang='lat' dir='ltr'><strong>corporum,</strong></span> <span class='ocrx_word' id='word_1_139' title='bbox 732 2448 939 2557; x_wconf 85' lang='lat' dir='ltr'><strong>aequaliter</strong></span> <span class='ocrx_word' id='word_1_140' title='bbox 961 2461 1146 2532; x_wconf 89' lang='lat' dir='ltr'><strong>acentro</strong></span> <span class='ocrx_word' id='word_1_141' title='bbox 1171 2463 1290 2530; x_wconf 84' lang='lat' dir='ltr'><strong>terrae</strong></span> <span class='ocrx_word' id='word_1_142' title='bbox 1318 2447 1564 2548; x_wconf 86' lang='lat' dir='ltr'><strong>distantium,</strong></span> <span class='ocrx_word' id='word_1_143' title='bbox 1591 2450 1682 2535; x_wconf 90' lang='lat' dir='ltr'><strong>sunt</strong></span> <span class='ocrx_word' id='word_1_144' title='bbox 1710 2468 1757 2534; x_wconf 94' lang='lat' dir='ltr'><strong>ut</strong></span> 
     </span>
     <span class='ocr_line' id='line_1_19' title="bbox 203 2567 1758 2689; baseline -0.001 -29"><span class='ocrx_word' id='word_1_145' title='bbox 203 2576 447 2689; x_wconf 84' lang='lat' dir='ltr'>quantitates</span> <span class='ocrx_word' id='word_1_146' title='bbox 466 2574 644 2658; x_wconf 87' lang='lat' dir='ltr'><strong>materiae</strong></span> <span class='ocrx_word' id='word_1_147' title='bbox 659 2573 701 2654; x_wconf 92' lang='lat' dir='ltr'><strong>in</strong></span> <span class='ocrx_word' id='word_1_148' title='bbox 722 2574 975 2682; x_wconf 84' lang='lat' dir='ltr'><strong>corporibus.</strong></span> <span class='ocrx_word' id='word_1_149' title='bbox 1030 2567 1132 2654; x_wconf 90' lang='lat' dir='ltr'><strong>Hoc</strong></span> <span class='ocrx_word' id='word_1_150' title='bbox 1152 2571 1295 2683; x_wconf 91' lang='lat' dir='ltr'><strong>utique</strong></span> <span class='ocrx_word' id='word_1_151' title='bbox 1316 2576 1520 2683; x_wconf 86' lang='lat' dir='ltr'><strong>colligitur</strong></span> <span class='ocrx_word' id='word_1_152' title='bbox 1541 2599 1594 2660; x_wconf 81' lang='lat' dir='ltr'><strong>ex</strong></span> <span class='ocrx_word' id='word_1_153' title='bbox 1614 2575 1758 2688; x_wconf 85' lang='lat' dir='ltr'><strong>aequali</strong></span> 
     </span>
     <span class='ocr_line' id='line_1_20' title="bbox 203 2695 1764 2806; baseline -0.003 -24"><span class='ocrx_word' id='word_1_154' title='bbox 203 2698 499 2783; x_wconf 83' lang='lat' dir='ltr'><strong>acceleratione</strong></span> <span class='ocrx_word' id='word_1_155' title='bbox 530 2721 752 2806; x_wconf 91' lang='lat' dir='ltr'><strong>corporum</strong></span> <span class='ocrx_word' id='word_1_156' title='bbox 782 2698 980 2792; x_wconf 89' lang='lat' dir='ltr'><strong>omniurn,</strong></span> <span class='ocrx_word' id='word_1_157' title='bbox 1007 2695 1189 2806; x_wconf 88' lang='lat' dir='ltr'><strong>equiete</strong></span> <span class='ocrx_word' id='word_1_158' title='bbox 1209 2722 1283 2805; x_wconf 92' lang='lat' dir='ltr'><strong>per</strong></span> <span class='ocrx_word' id='word_1_159' title='bbox 1307 2698 1539 2806; x_wconf 88' lang='lat' dir='ltr'><strong>ponderum</strong></span> <span class='ocrx_word' id='word_1_160' title='bbox 1557 2701 1662 2784; x_wconf 92' lang='lat' dir='ltr'><strong>vires</strong></span> <span class='ocrx_word' id='word_1_161' title='bbox 1692 2727 1764 2784; x_wconf 79' lang='lat' dir='ltr'><strong>ca..</strong></span> 
     </span>
     <span class='ocr_line' id='line_1_21' title="bbox 203 2817 1766 2932; baseline 0.003 -28"><span class='ocrx_word' id='word_1_162' title='bbox 203 2821 409 2906; x_wconf 89' lang='lat' dir='ltr'><strong>dentium:</strong></span> <span class='ocrx_word' id='word_1_163' title='bbox 449 2845 542 2904; x_wconf 89' lang='lat' dir='ltr'><strong>nam</strong></span> <span class='ocrx_word' id='word_1_164' title='bbox 567 2821 672 2902; x_wconf 89' lang='lat' dir='ltr'><strong>vires</strong></span> <span class='ocrx_word' id='word_1_165' title='bbox 700 2819 847 2930; x_wconf 91' lang='lat' dir='ltr'><strong>quibus</strong></span> <span class='ocrx_word' id='word_1_166' title='bbox 873 2817 1084 2930; x_wconf 78' lang='lat' dir='ltr'><strong>inaequalia</strong></span> <span class='ocrx_word' id='word_1_167' title='bbox 1103 2843 1276 2928; x_wconf 89' lang='lat' dir='ltr'><strong>corpora</strong></span> <span class='ocrx_word' id='word_1_168' title='bbox 1305 2822 1512 2932; x_wconf 86' lang='lat' dir='ltr'><strong>aequaliter</strong></span> <span class='ocrx_word' id='word_1_169' title='bbox 1530 2823 1766 2930; x_wconf 47' lang='lat' dir='ltr'><strong>accelerans</strong></span> 
     </span>
     <span class='ocr_line' id='line_1_22' title="bbox 202 2929 1758 3055; baseline 0.004 -30"><span class='ocrx_word' id='word_1_170' title='bbox 202 2963 284 3043; x_wconf 86' lang='lat' dir='ltr'><strong>tur,</strong></span> <span class='ocrx_word' id='word_1_171' title='bbox 303 2929 456 3027; x_wconf 71' lang='lat' dir='ltr'><strong>debent</strong></span> <span class='ocrx_word' id='word_1_172' title='bbox 472 2941 551 3028; x_wconf 82' lang='lat' dir='ltr'><strong>elle</strong></span> <span class='ocrx_word' id='word_1_173' title='bbox 572 2942 893 3052; x_wconf 82' lang='lat' dir='ltr'><strong>proportionales</strong></span> <span class='ocrx_word' id='word_1_174' title='bbox 907 2940 1195 3052; x_wconf 85' lang='lat' dir='ltr'><strong>quantitatibus</strong></span> <span class='ocrx_word' id='word_1_175' title='bbox 1214 2946 1394 3027; x_wconf 66' lang='lat' dir='ltr'><strong>materias</strong></span> <span class='ocrx_word' id='word_1_176' title='bbox 1414 2946 1641 3031; x_wconf 79' lang='lat' dir='ltr'><strong>movendae.</strong></span> <span class='ocrx_word' id='word_1_177' title='bbox 1665 2945 1758 3055; x_wconf 81' lang='lat' dir='ltr'><strong>jam</strong></span> 
     </span>
     <span class='ocr_line' id='line_1_23' title="bbox 201 3063 1759 3181; baseline 0.001 -31"><span class='ocrx_word' id='word_1_178' title='bbox 201 3090 302 3151; x_wconf 83' lang='lat' dir='ltr'><strong>vero</strong></span> <span class='ocrx_word' id='word_1_179' title='bbox 331 3075 504 3176; x_wconf 86' lang='lat' dir='ltr'><strong>¹corpora</strong></span> <span class='ocrx_word' id='word_1_180' title='bbox 536 3063 718 3150; x_wconf 87' lang='lat' dir='ltr'><strong>universa</strong></span> <span class='ocrx_word' id='word_1_181' title='bbox 745 3063 931 3150; x_wconf 83' lang='lat' dir='ltr'><strong>cadentia</strong></span> <span class='ocrx_word' id='word_1_182' title='bbox 959 3065 1168 3176; x_wconf 82' lang='lat' dir='ltr'><strong>aequaliter</strong></span> <span class='ocrx_word' id='word_1_183' title='bbox 1195 3068 1425 3164; x_wconf 87' lang='lat' dir='ltr'><strong>accelerari,</strong></span> <span class='ocrx_word' id='word_1_184' title='bbox 1460 3095 1512 3154; x_wconf 86' lang='lat' dir='ltr'><strong>ex</strong></span> <span class='ocrx_word' id='word_1_185' title='bbox 1541 3097 1594 3155; x_wconf 90' lang='lat' dir='ltr'><strong>eo</strong></span> <span class='ocrx_word' id='word_1_186' title='bbox 1623 3087 1759 3181; x_wconf 88' lang='lat' dir='ltr'><strong>patet,</strong></span> 
     </span>
     <span class='ocr_line' id='line_1_24' title="bbox 203 3189 1758 3308; baseline 0.003 -32"><span class='ocrx_word' id='word_1_187' title='bbox 203 3190 318 3304; x_wconf 92' lang='lat' dir='ltr'><strong>quod</strong></span> <span class='ocrx_word' id='word_1_188' title='bbox 350 3195 392 3276; x_wconf 94' lang='lat' dir='ltr'><strong>in</strong></span> <span class='ocrx_word' id='word_1_189' title='bbox 413 3217 543 3276; x_wconf 88' lang='lat' dir='ltr'><strong>vacuo</strong></span> <span class='ocrx_word' id='word_1_190' title='bbox 563 3191 752 3308; x_wconf 74' lang='lat' dir='ltr'><strong>Boylr&#39;ano</strong></span> <span class='ocrx_word' id='word_1_191' title='bbox 770 3189 1023 3301; x_wconf 89' lang='lat' dir='ltr'><strong>temporibus</strong></span> <span class='ocrx_word' id='word_1_192' title='bbox 1047 3190 1265 3301; x_wconf 80' lang='lat' dir='ltr'><strong>aequalibus</strong></span> <span class='ocrx_word' id='word_1_193' title='bbox 1284 3193 1449 3306; x_wconf 86' lang='lat' dir='ltr'><strong>aequalia</strong></span> <span class='ocrx_word' id='word_1_194' title='bbox 1469 3195 1590 3306; x_wconf 87' lang='lat' dir='ltr'><strong>spatia</strong></span> <span class='ocrx_word' id='word_1_195' title='bbox 1609 3196 1758 3281; x_wconf 89' lang='lat' dir='ltr'><strong>caden-</strong></span> 
     </span>
     <span class='ocr_line' id='line_1_25' title="bbox 204 3310 1757 3410; baseline 0.003 -12"><span class='ocrx_word' id='word_1_196' title='bbox 204 3313 261 3398; x_wconf 86' lang='lat' dir='ltr'><strong>do</strong></span> <span class='ocrx_word' id='word_1_197' title='bbox 292 3311 548 3410; x_wconf 91' lang='lat' dir='ltr'><strong>describunt,</strong></span> <span class='ocrx_word' id='word_1_198' title='bbox 586 3312 735 3397; x_wconf 88' lang='lat' dir='ltr'><strong>sublata</strong></span> <span class='ocrx_word' id='word_1_199' title='bbox 766 3310 919 3394; x_wconf 89' lang='lat' dir='ltr'><strong>scilicet</strong></span> <span class='ocrx_word' id='word_1_200' title='bbox 949 3311 1050 3394; x_wconf 72' lang='lat' dir='ltr'><strong>adris</strong></span> <span class='ocrx_word' id='word_1_201' title='bbox 1075 3311 1313 3396; x_wconf 89' lang='lat' dir='ltr'><strong>resrllentia:</strong></span> <span class='ocrx_word' id='word_1_202' title='bbox 1353 3316 1578 3401; x_wconf 90' lang='lat' dir='ltr'><strong>accuratius</strong></span> <span class='ocrx_word' id='word_1_203' title='bbox 1619 3337 1757 3402; x_wconf 89' lang='lat' dir='ltr'><strong>autem</strong></span> 
     </span>
     <span class='ocr_line' id='line_1_26' title="bbox 204 3433 1543 3547; baseline -0.001 -28"><span class='ocrx_word' id='word_1_204' title='bbox 204 3435 497 3546; x_wconf 91' lang='lat' dir='ltr'><strong>comprobatur</strong></span> <span class='ocrx_word' id='word_1_205' title='bbox 520 3460 595 3544; x_wconf 91' lang='lat' dir='ltr'><strong>per</strong></span> <span class='ocrx_word' id='word_1_206' title='bbox 619 3433 898 3547; x_wconf 84' lang='lat' dir='ltr'><strong>experimenta</strong></span> <span class='ocrx_word' id='word_1_207' title='bbox 916 3433 1202 3542; x_wconf 91' lang='lat' dir='ltr'><strong>pendulorum.</strong></span> <span class='ocrx_word' id='word_1_208' title='bbox 1542 3513 1543 3518; x_wconf 10' lang='lat' dir='ltr'><strong>a</strong></span> 
     </span>
    </p>

    <p class='ocr_par' dir='ltr' id='par_1_5' title="bbox 202 3557 1757 3799">
     <span class='ocr_line' id='line_1_27' title="bbox 258 3557 1757 3682; baseline 0.003 -32"><span class='ocrx_word' id='word_1_209' title='bbox 258 3563 379 3650; x_wconf 89' lang='lat' dir='ltr'><strong>Vires</strong></span> <span class='ocrx_word' id='word_1_210' title='bbox 404 3559 624 3646; x_wconf 76' lang='lat' dir='ltr'><strong>attradtivae</strong></span> <span class='ocrx_word' id='word_1_211' title='bbox 651 3583 893 3670; x_wconf 91' lang='lat' dir='ltr'><strong>corporum,</strong></span> <span class='ocrx_word' id='word_1_212' title='bbox 923 3559 965 3642; x_wconf 93' lang='lat' dir='ltr'><strong>in</strong></span> <span class='ocrx_word' id='word_1_213' title='bbox 981 3557 1199 3670; x_wconf 74' lang='lat' dir='ltr'><strong>aequalibus</strong></span> <span class='ocrx_word' id='word_1_214' title='bbox 1218 3558 1425 3662; x_wconf 82' lang='lat' dir='ltr'><strong>distantiis,</strong></span> <span class='ocrx_word' id='word_1_215' title='bbox 1453 3565 1543 3652; x_wconf 88' lang='lat' dir='ltr'><strong>sunt</strong></span> <span class='ocrx_word' id='word_1_216' title='bbox 1569 3585 1615 3653; x_wconf 93' lang='lat' dir='ltr'><strong>ut</strong></span> <span class='ocrx_word' id='word_1_217' title='bbox 1633 3593 1757 3682; x_wconf 87' lang='lat' dir='ltr'><strong>quan·</strong></span> 
     </span>
     <span class='ocr_line' id='line_1_28' title="bbox 202 3683 1757 3799; baseline 0.006 -26"><span class='ocrx_word' id='word_1_218' title='bbox 202 3693 338 3774; x_wconf 88' lang='lat' dir='ltr'><strong>titates</strong></span> <span class='ocrx_word' id='word_1_219' title='bbox 362 3687 540 3772; x_wconf 85' lang='lat' dir='ltr'><strong>materiae</strong></span> <span class='ocrx_word' id='word_1_220' title='bbox 559 3687 601 3772; x_wconf 93' lang='lat' dir='ltr'><strong>in</strong></span> <span class='ocrx_word' id='word_1_221' title='bbox 620 3685 872 3797; x_wconf 92' lang='lat' dir='ltr'><strong>corporibus.</strong></span> <span class='ocrx_word' id='word_1_222' title='bbox 928 3683 1033 3768; x_wconf 92' lang='lat' dir='ltr'><strong>Nam</strong></span> <span class='ocrx_word' id='word_1_223' title='bbox 1055 3710 1150 3770; x_wconf 91' lang='lat' dir='ltr'><strong>curn</strong></span> <span class='ocrx_word' id='word_1_224' title='bbox 1166 3713 1339 3799; x_wconf 88' lang='lat' dir='ltr'><strong>corpora</strong></span> <span class='ocrx_word' id='word_1_225' title='bbox 1354 3690 1395 3774; x_wconf 90' lang='lat' dir='ltr'><strong>in</strong></span> <span class='ocrx_word' id='word_1_226' title='bbox 1418 3710 1567 3780; x_wconf 87' lang='lat' dir='ltr'><strong>terram</strong></span> <span class='ocrx_word' id='word_1_227' title='bbox 1584 3697 1627 3780; x_wconf 77' lang='grc' dir='ltr'><strong>δι</strong></span> <span class='ocrx_word' id='word_1_228' title='bbox 1650 3718 1757 3783; x_wconf 88' lang='lat' dir='ltr'><strong>terra</strong></span> 
     </span>
    </p>
   </div>
   <div class='ocr_carea' id='block_1_3' title="bbox 203 3819 1765 4940">
    <p class='ocr_par' dir='ltr' id='par_1_6' title="bbox 203 3819 1760 4568">
     <span class='ocr_line' id='line_1_29' title="bbox 203 3819 1758 3942; baseline 0.007 -33"><span class='ocrx_word' id='word_1_229' title='bbox 203 3823 374 3910; x_wconf 87' lang='lat' dir='ltr'><strong>viciffim</strong></span> <span class='ocrx_word' id='word_1_230' title='bbox 399 3825 439 3908; x_wconf 91' lang='lat' dir='ltr'><strong>in</strong></span> <span class='ocrx_word' id='word_1_231' title='bbox 459 3849 632 3936; x_wconf 88' lang='lat' dir='ltr'><strong>corpora</strong></span> <span class='ocrx_word' id='word_1_232' title='bbox 653 3823 872 3907; x_wconf 91' lang='lat' dir='ltr'><strong>momentis</strong></span> <span class='ocrx_word' id='word_1_233' title='bbox 891 3819 1111 3934; x_wconf 74' lang='lat' dir='ltr'><strong>equalibus</strong></span> <span class='ocrx_word' id='word_1_234' title='bbox 1137 3825 1362 3932; x_wconf 85' lang='lat' dir='ltr'><strong>gravitent;</strong></span> <span class='ocrx_word' id='word_1_235' title='bbox 1391 3846 1510 3913; x_wconf 91' lang='lat' dir='ltr'><strong>terrae</strong></span> <span class='ocrx_word' id='word_1_236' title='bbox 1541 3833 1700 3942; x_wconf 87' lang='lat' dir='ltr'><strong>pondus</strong></span> <span class='ocrx_word' id='word_1_237' title='bbox 1715 3835 1758 3921; x_wconf 92' lang='lat' dir='ltr'><strong>in</strong></span> 
     </span>
     <span class='ocr_line' id='line_1_30' title="bbox 204 3946 1758 4070; baseline 0.005 -36"><span class='ocrx_word' id='word_1_238' title='bbox 204 3947 531 4060; x_wconf 92' lang='lat' dir='ltr'><strong>unumquodque</strong></span> <span class='ocrx_word' id='word_1_239' title='bbox 557 3971 720 4056; x_wconf 90' lang='lat' dir='ltr'><strong>corpus,</strong></span> <span class='ocrx_word' id='word_1_240' title='bbox 746 3946 815 4030; x_wconf 88' lang='lat' dir='ltr'><strong>seu</strong></span> <span class='ocrx_word' id='word_1_241' title='bbox 841 3948 900 4030; x_wconf 85' lang='lat' dir='ltr'><strong>vis</strong></span> <span class='ocrx_word' id='word_1_242' title='bbox 922 3971 1003 4057; x_wconf 91' lang='lat' dir='ltr'><strong>qua</strong></span> <span class='ocrx_word' id='word_1_243' title='bbox 1028 3970 1177 4055; x_wconf 89' lang='lat' dir='ltr'><strong>corpus</strong></span> <span class='ocrx_word' id='word_1_244' title='bbox 1200 3964 1349 4036; x_wconf 85' lang='lat' dir='ltr'><strong>terram</strong></span> <span class='ocrx_word' id='word_1_245' title='bbox 1377 3955 1554 4052; x_wconf 88' lang='lat' dir='ltr'><strong>attrabit,</strong></span> <span class='ocrx_word' id='word_1_246' title='bbox 1581 3959 1758 4070; x_wconf 87' lang='lat' dir='ltr'><strong>aequabi-</strong></span> 
     </span>
     <span class='ocr_line' id='line_1_31' title="bbox 203 4069 1759 4188; baseline 0.005 -28"><span class='ocrx_word' id='word_1_247' title='bbox 203 4097 270 4160; x_wconf 91' lang='lat' dir='ltr'><strong>tur</strong></span> <span class='ocrx_word' id='word_1_248' title='bbox 296 4071 468 4184; x_wconf 91' lang='lat' dir='ltr'><strong>ponderi</strong></span> <span class='ocrx_word' id='word_1_249' title='bbox 493 4071 677 4182; x_wconf 90' lang='lat' dir='ltr'><strong>corporis</strong></span> <span class='ocrx_word' id='word_1_250' title='bbox 704 4069 884 4179; x_wconf 89' lang='lat' dir='ltr'><strong>ejusdem</strong></span> <span class='ocrx_word' id='word_1_251' title='bbox 908 4072 1135 4154; x_wconf 89' lang='lat' dir='ltr'><strong>interram.</strong></span> <span class='ocrx_word' id='word_1_252' title='bbox 1192 4069 1294 4157; x_wconf 90' lang='lat' dir='ltr'><strong>Hoc</strong></span> <span class='ocrx_word' id='word_1_253' title='bbox 1316 4095 1451 4160; x_wconf 90' lang='lat' dir='ltr'><strong>autem</strong></span> <span class='ocrx_word' id='word_1_254' title='bbox 1482 4079 1639 4188; x_wconf 89' lang='lat' dir='ltr'><strong>pondus</strong></span> <span class='ocrx_word' id='word_1_255' title='bbox 1671 4103 1759 4169; x_wconf 90' lang='lat' dir='ltr'><strong>erat</strong></span> 
     </span>
     <span class='ocr_line' id='line_1_32' title="bbox 204 4197 1760 4323; baseline 0.001 -37"><span class='ocrx_word' id='word_1_256' title='bbox 204 4221 250 4286; x_wconf 93' lang='lat' dir='ltr'><strong>ut</strong></span> <span class='ocrx_word' id='word_1_257' title='bbox 267 4201 467 4315; x_wconf 85' lang='lat' dir='ltr'><strong>quantitas</strong></span> <span class='ocrx_word' id='word_1_258' title='bbox 492 4198 672 4283; x_wconf 88' lang='lat' dir='ltr'><strong>materiae</strong></span> <span class='ocrx_word' id='word_1_259' title='bbox 694 4199 736 4281; x_wconf 93' lang='lat' dir='ltr'><strong>in</strong></span> <span class='ocrx_word' id='word_1_260' title='bbox 764 4225 960 4310; x_wconf 90' lang='lat' dir='ltr'><strong>corpore:</strong></span> <span class='ocrx_word' id='word_1_261' title='bbox 989 4198 1127 4309; x_wconf 91' lang='lat' dir='ltr'><strong>itaque</strong></span> <span class='ocrx_word' id='word_1_262' title='bbox 1146 4197 1204 4280; x_wconf 89' lang='lat' dir='ltr'><strong>vis</strong></span> <span class='ocrx_word' id='word_1_263' title='bbox 1231 4225 1311 4312; x_wconf 85' lang='lat' dir='ltr'><strong>qua</strong></span> <span class='ocrx_word' id='word_1_264' title='bbox 1334 4228 1482 4315; x_wconf 92' lang='lat' dir='ltr'><strong>corpus</strong></span> <span class='ocrx_word' id='word_1_265' title='bbox 1500 4214 1760 4323; x_wconf 86' lang='lat' dir='ltr'><strong>unumquod.</strong></span> 
     </span>
     <span class='ocr_line' id='line_1_33' title="bbox 204 4318 1760 4448; baseline 0.008 -37"><span class='ocrx_word' id='word_1_266' title='bbox 204 4353 286 4440; x_wconf 91' lang='lat' dir='ltr'><strong>que</strong></span> <span class='ocrx_word' id='word_1_267' title='bbox 304 4347 454 4410; x_wconf 89' lang='lat' dir='ltr'><strong>terram</strong></span> <span class='ocrx_word' id='word_1_268' title='bbox 480 4322 658 4419; x_wconf 87' lang='lat' dir='ltr'><strong>attrabit,</strong></span> <span class='ocrx_word' id='word_1_269' title='bbox 684 4322 765 4407; x_wconf 87' lang='lat' dir='ltr'><strong>five</strong></span> <span class='ocrx_word' id='word_1_270' title='bbox 796 4324 982 4436; x_wconf 92' lang='lat' dir='ltr'><strong>corporis</strong></span> <span class='ocrx_word' id='word_1_271' title='bbox 1006 4323 1067 4406; x_wconf 88' lang='lat' dir='ltr'><strong>vis</strong></span> <span class='ocrx_word' id='word_1_272' title='bbox 1097 4318 1288 4424; x_wconf 88' lang='lat' dir='ltr'><strong>absoluta,</strong></span> <span class='ocrx_word' id='word_1_273' title='bbox 1316 4327 1394 4412; x_wconf 89' lang='lat' dir='ltr'><strong>erit</strong></span> <span class='ocrx_word' id='word_1_274' title='bbox 1412 4349 1457 4415; x_wconf 92' lang='lat' dir='ltr'><strong>ut</strong></span> <span class='ocrx_word' id='word_1_275' title='bbox 1471 4332 1617 4418; x_wconf 90' lang='lat' dir='ltr'><strong>eadem</strong></span> <span class='ocrx_word' id='word_1_276' title='bbox 1633 4360 1760 4448; x_wconf 88' lang='lat' dir='ltr'><strong>quan·</strong></span> 
     </span>
     <span class='ocr_line' id='line_1_34' title="bbox 204 4457 627 4568; baseline -0.002 -35"><span class='ocrx_word' id='word_1_277' title='bbox 204 4471 294 4534; x_wconf 87' lang='lat' dir='ltr'><strong>trtas</strong></span> <span class='ocrx_word' id='word_1_278' title='bbox 316 4469 506 4532; x_wconf 83' lang='lat' dir='ltr'><strong>matetrae.</strong></span> <span class='ocrx_word' id='word_1_279' title='bbox 555 4457 561 4474; x_wconf 90' lang='lat'>&#39;</span> <span class='ocrx_word' id='word_1_280' title='bbox 625 4555 627 4568; x_wconf 18' lang='grc'>1</span> 
     </span>
    </p>

    <p class='ocr_par' dir='ltr' id='par_1_7' title="bbox 205 4571 1765 4940">
     <span class='ocr_line' id='line_1_35' title="bbox 260 4571 1762 4694; baseline 0.008 -36"><span class='ocrx_word' id='word_1_281' title='bbox 260 4574 403 4658; x_wconf 91' lang='lat' dir='ltr'><strong>Oritur</strong></span> <span class='ocrx_word' id='word_1_282' title='bbox 428 4599 530 4684; x_wconf 88' lang='lat' dir='ltr'><strong>ergo</strong></span> <span class='ocrx_word' id='word_1_283' title='bbox 559 4571 604 4656; x_wconf 82' lang='grc' dir='ltr'><strong>δι</strong></span> <span class='ocrx_word' id='word_1_284' title='bbox 637 4574 900 4684; x_wconf 91' lang='lat' dir='ltr'><strong>componitur</strong></span> <span class='ocrx_word' id='word_1_285' title='bbox 927 4574 985 4658; x_wconf 87' lang='lat' dir='ltr'><strong>vis</strong></span> <span class='ocrx_word' id='word_1_286' title='bbox 1018 4571 1224 4660; x_wconf 77' lang='lat' dir='ltr'><strong>attradtiva</strong></span> <span class='ocrx_word' id='word_1_287' title='bbox 1251 4603 1473 4690; x_wconf 87' lang='lat' dir='ltr'><strong>corporum</strong></span> <span class='ocrx_word' id='word_1_288' title='bbox 1505 4584 1762 4694; x_wconf 87' lang='lat' dir='ltr'><strong>integrorum</strong></span> 
     </span>
     <span class='ocr_line' id='line_1_36' title="bbox 205 4692 1762 4811; baseline 0.006 -28"><span class='ocrx_word' id='word_1_289' title='bbox 205 4725 258 4783; x_wconf 85' lang='lat' dir='ltr'><strong>etr</strong></span> <span class='ocrx_word' id='word_1_290' title='bbox 289 4696 439 4782; x_wconf 87' lang='lat' dir='ltr'><strong>viribus</strong></span> <span class='ocrx_word' id='word_1_291' title='bbox 476 4692 694 4782; x_wconf 76' lang='lat' dir='ltr'><strong>attratlivis</strong></span> <span class='ocrx_word' id='word_1_292' title='bbox 725 4698 920 4808; x_wconf 90' lang='lat' dir='ltr'><strong>partium:</strong></span> <span class='ocrx_word' id='word_1_293' title='bbox 962 4697 1162 4811; x_wconf 85' lang='lat' dir='ltr'><strong>fiquidem</strong></span> <span class='ocrx_word' id='word_1_294' title='bbox 1193 4699 1306 4787; x_wconf 72' lang='lat' dir='ltr'><strong>auda</strong></span> <span class='ocrx_word' id='word_1_295' title='bbox 1336 4707 1402 4788; x_wconf 92' lang='lat' dir='ltr'><strong>vel</strong></span> <span class='ocrx_word' id='word_1_296' title='bbox 1428 4706 1628 4793; x_wconf 90' lang='lat' dir='ltr'><strong>diminuta</strong></span> <span class='ocrx_word' id='word_1_297' title='bbox 1654 4711 1762 4794; x_wconf 91' lang='lat' dir='ltr'><strong>mole</strong></span> 
     </span>
     <span class='ocr_line' id='line_1_37' title="bbox 207 4820 1765 4940; baseline 0.008 -33.992"><span class='ocrx_word' id='word_1_298' title='bbox 207 4820 400 4918; x_wconf 87' lang='lat' dir='ltr'><strong>materiae,</strong></span> <span class='ocrx_word' id='word_1_299' title='bbox 431 4823 631 4908; x_wconf 84' lang='lat' dir='ltr'><strong>ostensum</strong></span> <span class='ocrx_word' id='word_1_300' title='bbox 660 4823 731 4920; x_wconf 88' lang='lat' dir='ltr'><strong>est,</strong></span> <span class='ocrx_word' id='word_1_301' title='bbox 760 4824 1119 4936; x_wconf 89' lang='lat' dir='ltr'><strong>proportionaliter</strong></span> <span class='ocrx_word' id='word_1_302' title='bbox 1145 4828 1282 4939; x_wconf 85' lang='lat' dir='ltr'><strong>augeri</strong></span> <span class='ocrx_word' id='word_1_303' title='bbox 1302 4831 1366 4914; x_wconf 89' lang='lat' dir='ltr'><strong>vel</strong></span> <span class='ocrx_word' id='word_1_304' title='bbox 1380 4831 1553 4916; x_wconf 91' lang='lat' dir='ltr'><strong>diminui</strong></span> <span class='ocrx_word' id='word_1_305' title='bbox 1572 4832 1658 4940; x_wconf 91' lang='lat' dir='ltr'><strong>ejus</strong></span> <span class='ocrx_word' id='word_1_306' title='bbox 1684 4835 1765 4918; x_wconf 90' lang='lat' dir='ltr'><strong>vir·</strong></span> 
     </span>
    </p>
   </div>
   <div class='ocr_carea' id='block_1_4' title="bbox 206 4939 1771 5152">
    <p class='ocr_par' dir='ltr' id='par_1_8' title="bbox 206 4939 1771 5152">
     <span class='ocr_line' id='line_1_38' title="bbox 206 4939 1767 5150; baseline 0.007 -122"><span class='ocrx_word' id='word_1_307' title='bbox 206 4963 352 5058; x_wconf 74' lang='lat' dir='ltr'><strong>tutem</strong></span> <span class='ocrx_word' id='word_1_308' title='bbox 406 4939 530 5030; x_wconf 80' lang='lat' dir='ltr'><strong>Attio</strong></span> <span class='ocrx_word' id='word_1_309' title='bbox 552 4944 691 5056; x_wconf 90' lang='lat' dir='ltr'><strong>itaque</strong></span> <span class='ocrx_word' id='word_1_310' title='bbox 712 4946 865 5034; x_wconf 89' lang='lat' dir='ltr'><strong>telluris</strong></span> <span class='ocrx_word' id='word_1_311' title='bbox 888 4971 942 5034; x_wconf 86' lang='lat' dir='ltr'><strong>cx</strong></span> <span class='ocrx_word' id='word_1_312' title='bbox 965 4943 1189 5056; x_wconf 70' lang='lat' dir='ltr'><strong>contunsis</strong></span> <span class='ocrx_word' id='word_1_313' title='bbox 1212 4959 1388 5062; x_wconf 87' lang='lat' dir='ltr'><strong>partium</strong></span> <span class='ocrx_word' id='word_1_314' title='bbox 1416 4950 1641 5040; x_wconf 65' lang='lat' dir='ltr'><strong>actionibus</strong></span> <span class='ocrx_word' id='word_1_315' title='bbox 1668 4981 1767 5150; x_wconf 71' lang='lat' dir='ltr'><strong>cflon3</strong></span> 
     </span>
     <span class='ocr_line' id='line_1_39' title="bbox 1712 5091 1771 5152; baseline 0 -1"><span class='ocrx_word' id='word_1_316' title='bbox 1712 5091 1771 5152; x_wconf 85' lang='lat' dir='ltr'><strong>art</strong></span> 
     </span>
    </p>
   </div>
   <div class='ocr_carea' id='block_1_5' title="bbox 0 0 2237 5674">
    <p class='ocr_par' dir='ltr' id='par_1_9' title="bbox 0 0 2237 5674">
     <span class='ocr_line' id='line_1_40' title="bbox 0 0 2237 5674; baseline 0 0"><span class='ocrx_word' id='word_1_317' title='bbox 0 0 2237 5674; x_wconf 95' lang='lat' dir='ltr'><strong> </strong></span> 
     </span>
    </p>
   </div>
  </div>
 </body>
</html>
