4336 5656
1 589 13 623 ‘a
163 570 343 652 ratione
363 564 445 647 axis
473 561 646 671 majoris.
702 559 783 644 Sed
811 561 890 644 hoc
918 563 1194 674 reuangulum
1222 564 1314 675 (per
1340 565 1467 648 corol.
1499 589 1614 676 prop.
1643 577 1756 680 x1v.)

444 251 1488 360 PR1NCIP1AMATHEMATICA.
1659 239 1762 382 'at-

7 462 8 465 ‘
162 442 301 526 tione
320 437 543 550 composita
569 465 622 522 ex
648 433 926 548 subdupiicata
950 438 1108 524 ratione
1135 440 1267 524 lateris
1291 439 1390 525 relii
1415 439 1458 524 ἃ
1478 407 1757 556 sesquiplicata
1812 451 1941 594 Ἐπὶ

1791 532 1810 594 Ρ

164 694 241 776 est
264 695 305 776 in
335 690 491 776 ratione
522 687 745 798 composita
773 714 825 772 ex
856 687 1133 802 subduplicata
1155 693 1312 776 ratione
1338 692 1470 776 lateris
1499 689 1597 777 recti
1624 689 1668 775 ἃ
1695 716 1756 777 ra·

166 817 299 899 tione
329 813 531 925 periodici
567 813 773 924 temporis.
853 811 1053 898 Dematur
1076 817 1306 928 'utrobique
1340 817 1616 926 subduplicata
1648 815 1756 919 ratio

1 964 10 1014 s
164 940 317 1023 lateris
338 939 451 1033 resti,
479 937 522 1020 δε
552 939 729 1023 manebit
756 935 1027 1050 sesquiplicata
1055 943 1159 1026 ratio
1189 943 1349 1050 majoris
1368 944 1451 1026 axis
1480 942 1626 1028 eadem
1653 967 1750 1027 cum

10 1131 14 1140 .
166 1067 345 1148 ratione
365 1063 565 1175 periodici
585 1067 790 1174 temporis.
826 1063 879 1179 Q
899 1065 952 1146 E.
970 1066 1033 1150 ‘D.

242 1190 369 1274 Carol.
415 1189 517 1273 Sunt
558 1188 684 1294 igitur
719 1209 903 1300 tempora
930 1191 1138 1308 periodica
1164 1193 1206 1276 in
1237 1189 1434 1301 elliplibus
1467 1191 1612 1278 eadem
1639 1214 1686 1279 ac
1708 1193 1753 1280 in¹

171 1312 368 1411 circulis,
396 1335 572 1425 quorum
592 1310 779 1408 diametri
805 1334 1015 1427 aequantur
1038 1315 1254 1426 majoribus
1274 1313 1413 1400 axibus
1430 1315 1633 1428 ellipseoo.

7 1739 10 1759 Ι
319 1613 783 1712 PROPOSITIO
826 1611 959 1711 XVI.
1035 1615 1469 1711 THEOREMA
1506 1612 1634 1713 VIII.

9 1939 17 1994 ζ
179 1834 354 1960 lisdem
380 1833 545 1975 pastus,
583 1836 644 1942 &⁹
665 1835 774 1936 allis
802 1837 869 1936 aa'
892 1867 1074 1976 corpora
1118 1835 1241 1936 lincis
1276 1833 1420 1958 cellis,
1470 1875 1568 1972 qua
1589 1835 1749 1938 ibidem

8 2099 10 2104 ,
193 2105 200 2117 .
258 2021 446 2126 tangant
473 1992 649 2116 orbitas,
686 1993 961 2128 demifflsque
1000 1992 1057 2092 ab
1090 1991 1289 2093 umbilico
1329 1991 1544 2093 communi
1577 1993 1644 2092 acl
1669 1995 1749 2094 has

17 2126 23 2145 ’
259 2174 482 2282 tangentes
503 2147 935 2288 perpendicularibus
951 2187 966 2245 .·
1001 2149 1092 2250 dico
1117 2149 1237 2285 quod
1252 2149 1493 2248 velocitates
1520 2181 1749 2290 corporum

246 2307 358 2424 fiant
389 2303 438 2402 in
474 2304 646 2403 ratione
685 2303 913 2441 compostta
945 2341 998 2403 ex
1031 2305 1201 2403 ratione
1226 2303 1644 2442 perpendicularum·
1680 2307 1751 2406 in-

258 2461 398 2584 verse,
424 2457 486 2566 ἔφ’
506 2458 818 2600 subduplicata
852 2459 1021 2561 ratione
1046 2461 1237 2561 lateram
1272 2457 1490 2562 cellarum
1519 2461 1752 2602 principa-

260 2615 370 2714 lium
392 2613 567 2716 direlle.
1571 2618 1576 2625 ’

246 2844 319 2931 Ab
345 2843 540 2933 umbilico
577 2846 610 2929 S
632 2845 684 2932 ad
710 2865 943 2959 tangentem
977 2853 1077 2942 PR

187 2975 366 3061 demitte
375 2974 711 3088 perpendiculum
726 2977 803 3076 ST,
813 2979 856 3065 ὅτ
872 2982 1063 3069 velocitas

1364 2962 1469 3044 ΧΥ

187 3101 376 3213 corporis
404 3101 448 3186 P
468 3101 545 3187 erit
564 3104 776 3218 reciproce
795 3105 836 3192 in
862 3107 1063 3222 subdupli·
1434 3089 1637 3272 *affl
1834 3217 1840 3228 .

188 3312 288 3375 cata·
311 3294 469 3379 ratione
497 3295 730 3408 quantitatis
762 3227 905 3441 *ΣΞ-Ζ.
960 3271 1075 3387 Naru.
1121 3138 1420 3504 f
1557 3309 1588 3368 Τ

1665 3829 1704 3922 s

190 3463 386 3548 velocitas
413 3464 476 3549 illa
502 3463 560 3547 est
587 3485 632 3548 ut
661 3490 775 3550 arcus
798 3494 923 3581 quam
949 3469 1065 3556 mini·

190 3613 282 3670 mus
297 3587 442 3704 PQin
465 3589 557 3673 data
577 3593 770 3701 temporis
787 3595 981 3705 particula
995 3596 1066 3683 de·
1291 3615 1314 3682 s

14 3739 18 3794 z
189 3709 376 3822 scriptus,
394 3713 474 3798 hoc
490 3713 553 3797 est
565 3713 658 3825 (per
677 3719 769 3802 lem.
787 3745 875 3803 v11.
915 3741 961 3804 ut
983 3739 1066 3810 tan-

14 3863 18 3918 s
192 3861 290 3946 gens
319 3835 434 3934 PR,
471 3837 515 3922 id
551 3839 620 3937 est,
657 3842 712 3926 ob
744 3843 1069 3957 proportionales
1118 3505 1661 4061 L

16 4025 18 4038 '
194 4023 280 4108 PR
297 4020 349 4106 ad
375 4023 664 4142 QT&SPad
683 4031 771 4132 ΣΥ,
789 3967 1070 4184 ΜΨ,

193 4215 272 4302 five
286 4231 332 4297 ut
354 4211 436 4294 SY
445 4217 657 4327 reciproce
676 4219 720 4304 δι
739 4223 773 4308 S
783 4223 868 4312 Px
883 4227 975 4346 QT
989 4231 1166 4338 direcie3
1197 4241 1336 4358 estque
1355 4243 1388 4328 S
1395 4243 1483 4332 Px
1497 4247 1591 4366 QT
1599 4267 1644 4337 ut
1662 4277 1765 4340 acea*

193 4341 288 4426 dato
306 4358 493 4483 tetppore
505 4341 728 4484 ‘descripta
757 4350 801 4435 id
821 4351 878 4436 est
897 4361 991 4468 (per
1009 4385 1127 4480 prop.
1146 4377 1258 4481 xiv.)
1278 4373 1320 4457 in
1340 4369 1616 4489 subduplicata
1633 4381 1755 4466 ratio.

195 4467 528 4552 nelatensreto.
585 4469 710 4588 QE.
732 4477 794 4561 D.

249 4591 373 4674 Corol.
404 4621 436 4677 1.
473 4595 624 4682 Latera
658 4601 764 4687 recia
792 4605 1025 4721 principalia
1052 4614 1142 4704 sunt
1182 4621 1224 4706 in
1243 4625 1411 4711 satione
1442 4635 1667 4746 composita
1695 4661 1749 4718 ex

196 4708 397 4922 ppplicata
441 4725 597 4814 ratione
634 4733 1036 4847 perpendicularem,
1063 4741 1107 4832 &
1140 4745 1343 4863 duplicata
1373 4758 1531 4846 ratione
1561 4761 1754 4846 velocitas

1629 5129 1754 5222 Carol
