4344 5648
446 273 545 408 346
703 269 1233 374 remotorum
1275 197 1736 374 'unruururs

1114 555 1351 664 Scholium.

500 732 559 820 Ut
591 729 828 817 resistendas
859 725 1086 815 fluidorum
1121 723 1405 834 invelligarem
1441 747 1517 835 per
1551 724 1844 836 experimenta,
1884 733 2020 840 paravi

446 887 514 944 vas
542 859 722 966 ligneum
750 855 1010 969 quadratum,
1044 851 1305 959 longitudine
1335 849 1378 935 δι
1418 850 1633 937 latitudine
1671 855 1829 938 interna
1867 857 2018 966 digito-

446 1009 539 1070 rum
572 1007 723 1066 novem
760 979 876 1090 pedis
912 971 1178 1080 Londinensts‚
1217 972 1497 1084 profunditate
1542 975 1696 1086 pedum
1738 1005 1889 1065 novem
1922 1007 2019 1066 cum

449 1105 616 1203 semisse,
643 1107 839 1216 idemque
860 1101 1027 1213 implevi
1046 1125 1148 1213 aqua
1167 1101 1330 1211 pluviali
1349 1137 1359 1196 ;
1398 1097 1442 1184 &
1472 1101 1604 1209 globis
1624 1129 1676 1186 ex
1696 1129 1789 1188 cert
1815 1105 1859 1188 dr
1888 1107 2015 1216 plum·

448 1237 504 1320 bo
536 1231 692 1318 incluso
719 1227 918 1326 formatis,
946 1225 1085 1310 notavi
1106 1244 1291 1334 tempora
1320 1221 1532 1308 descensus
1560 1227 1794 1336 globorum,
1823 1231 2016 1316 exiliente

447 1359 660 1445 descensus
697 1356 912 1441 altitudine
959 1377 1030 1434 112
1074 1350 1301 1466 digitorum
1343 1350 1471 1462 pedis.
1540 1351 1618 1437 Pes
1657 1353 1810 1440 solidus
1851 1359 2015 1456 cubicus

449 1479 704 1587 Londinenfis
743 1479 929 1563 continet
963 1481 1014 1576 76
1053 1474 1172 1558 libras
1208 1475 1408 1557 Romanas
1446 1500 1562 1588 aquae
1593 1477 1792 1587 pluvialis,
1828 1478 2018 1594 &pedis

448 1607 565 1716 hujus
591 1605 743 1712 digitus
764 1602 914 1687 solidus
938 1599 1188 1702 continet&
1206 1598 1343 1683 uncias
1367 1596 1482 1682 librae
1511 1597 1628 1708 hujus
1652 1597 1721 1683 seu
1749 1625 1871 1712 grana
1890 1618 2013 1708 2535

449 1730 493 1816 δε
523 1730 667 1842 globus
697 1751 850 1841 aqueus
877 1726 1082 1808 diametro
1113 1724 1234 1832 digiti
1272 1724 1391 1807 unius
1423 1720 1649 1836 descriptus
1679 1725 1866 1811 continet
1896 1751 2015 1837 gram

451 1864 620 1961 132,645
647 1855 688 1938 in
709 1851 851 1937 medio
870 1850 985 1946 aeris,
1012 1849 1076 1932 vel
1107 1873 1230 1958 grana
1263 1845 1378 1946 132‚8
1400 1847 1441 1930 in
1472 1872 1632 1950 vacum
1662 1845 1871 1958 &globus
1903 1856 2015 1965 quisi.

447 1979 519 2060 bet
546 1978 644 2060 alius
666 1975 786 2058 estut
818 1969 1001 2057 excessus
1026 1969 1221 2081 ponderis
1252 1967 1337 2078 ejus
1360 1969 1403 2053 in
1438 1993 1570 2054 vacuo
1601 1969 1718 2082 supra
1746 1974 1909 2082 pondus
1936 1975 2016 2085 ejus

448 2124 491 2182 rn
518 2125 538 2181 a
570 2124 631 2182 ua.

503 2125 660 2334 Εἶρον.
686 2247 717 2303 r.
754 2217 931 2315 Globus,
957 2217 1071 2326 cujus
1096 2216 1260 2329 pondus
1286 2234 1373 2301 erat
1405 2222 1503 2318 156÷
1527 2241 1748 2328 granorum
1780 2221 1824 2306 in
1855 2248 1947 2310 aere
1975 2225 2014 2309 de

452 2378 500 2453 77
529 2372 750 2459 granorum
785 2347 828 2430 in
855 2370 972 2458 aqua,
1006 2343 1265 2429 altitudinem
1295 2361 1425 2426 totam
1454 2343 1682 2452 digitorum
1720 2372 1795 2426 112
1831 2367 2017 2464 tempore

449 2478 705 2560 minutorum
736 2491 914 2582 quatuor
945 2467 1220 2553 secundorum
1264 2463 1484 2575 descripsit.
1549 2463 1605 2550 Et
1641 2471 1925 2580 experimento
1957 2503 2018 2560 re·

448 2600 596 2711 petito,
625 2595 770 2705 globus
802 2595 953 2680 iterum
982 2592 1134 2678 cecidit
1161 2591 1311 2679 eodem
1341 2609 1530 2703 tempore
1557 2591 1807 2680 minutorum
1837 2619 2018 2710 quatuor

445 2722 734 2814 secundorum.

502 2849 671 2934 Pondus
691 2846 802 2956 globi
829 2846 874 2931 in
903 2871 1035 2929 vacuo
1067 2843 1125 2927 est
1159 2849 1280 2948 156÷l
1307 2869 1424 2956 gran.
1446 2840 1492 2928 δι
1516 2841 1698 2929 excessus
1724 2845 1840 2954 hujus
1866 2851 2019 2961 ponde·

446 2977 501 3060 ris
526 2975 644 3086 supra
671 2967 834 3081 pondus
859 2966 973 3078 globi
999 2967 1041 3052 in
1068 2992 1172 3080 aqua
1202 2969 1260 3054 est
1290 2977 1385 3074 795
1402 2995 1520 3078 gran.
1588 2965 1712 3055 Unde
1739 2971 1882 3082 prodit
1909 2977 2018 3085 globi

448 3101 648 3186 diameter
682 3095 856 3200 0,84224
895 3093 1071 3204 partium
1102 3091 1234 3202 digiti.
1302 3090 1373 3176 Est
1406 3112 1543 3177 autem
1575 3113 1623 3178 ut
1654 3095 1835 3182 excelsus
1867 3099 1935 3184 ille
1970 3104 2018 3186 ad

446 3227 608 3338 pondus
641 3221 752 3332 globi
785 3220 826 3304 in
854 3245 1000 3313 vacuo,
1028 3220 1084 3302 ita
1115 3216 1290 3303 densitas
1321 3241 1438 3330 aquae
1467 3218 1519 3303 ad
1557 3218 1798 3306 deustatem
1822 3225 1946 3332 globi,
1976 3229 2018 3312 de

445 3351 502 3438 ita
522 3369 655 3460 partes
683 3341 779 3428 osio
809 3343 942 3427 tertiae
972 3339 1163 3426 diametri
1192 3341 1312 3450 globi
1328 3341 1442 3443 (viz.
1463 3370 1635 3450 2,24597
1658 3343 1757 3457 dig.)
1778 3345 1828 3431 ad
1850 3346 2018 3458 spatium

448 3472 530 3573 2F,
557 3470 671 3586 quod
694 3463 874 3579 'proinde
893 3466 970 3551 etit
1002 3471 1151 3573 4‚4256
1182 3465 1259 3578 dig.
1316 3463 1477 3552 Globus
1507 3485 1696 3579 tempore
1724 3470 1873 3555 minuti
1905 3476 2019 3559 unius

447 3595 630 3691 secundi,
660 3613 753 3675 toto
775 3590 847 3676 suo
878 3588 1066 3698 pondere
1092 3614 1314 3699 granorum
1337 3597 1471 3692 1563,
1499 3589 1689 3675 cadendo
1717 3592 1760 3677 in
1789 3620 1920 3681 vacuo
1951 3598 2020 3685 de·

446 3713 596 3804 scribet
633 3715 785 3822 digitos
822 3725 944 3819 193-;;
985 3711 1028 3796 de
1066 3711 1252 3822 pondere
1280 3737 1502 3822 granorum
1535 3742 1598 3818 77,
1633 3715 1783 3801 eodem
1821 3738 2022 3833 ternpore,

446 3844 529 3936 fine
571 3838 788 3930 resistentia
826 3837 1017 3922 cadendo
1064 3839 1108 3922 in
1164 3863 1267 3950 aqua
1310 3838 1514 3926 describet
1556 3840 1709 3950 digitos
1755 3870 1932 3953 95,2193
1980 3851 2020 3933 ἃ

446 3991 635 4080 tempore
667 3961 725 4059 G,
752 3960 868 4073 quod
897 3959 942 4044 sr't
970 3961 1020 4046 ad
1053 3959 1258 4046 minutum
1290 3987 1417 4048 unum
1446 3961 1667 4050 secundum
1697 3964 1739 4049 in
1765 3965 2017 4081 subduplicr-

445 4114 486 4178 ta
504 4092 662 4180 tatione
678 4085 792 4198 spatii
816 4081 851 4169 F
875 4084 943 4169 seu
966 4084 1109 4182 2‚2t28
1133 4083 1210 4200 dig.
1232 4086 1282 4170 ad
1304 4113 1450 4195 95,219-
1465 4087 1542 4200 dig.
1559 4089 1761 4175 describet
1778 4095 1924 4188 2,2128
1943 4097 2015 4208 dig.

447 4217 490 4300 dc
525 4215 786 4301 velocitatem
817 4210 1034 4294 maximam
1074 4205 1123 4292 H
1156 4209 1341 4322 acquiret
1366 4237 1544 4324 quacum
1573 4213 1707 4322 potest
1737 4215 1781 4300 in
1816 4243 1920 4330 aqua
1947 4219 2016 4304 de·

445 4341 652 4426 scendere.
716 4333 789 4422 Est
821 4335 946 4444 igitur
978 4353 1138 4446 tempus
1168 4333 1211 4420 G
1259 4334 1475 4443 o''‚15244.
1544 4335 1600 4422 Et
1630 4341 1712 4424 lroc
1749 4361 1935 4453 tempore
1963 4343 2033 4443 G„

448 4487 544 4552 cum
576 4464 794 4548 velocitate
826 4461 892 4549 illa
923 4461 1097 4544 maxima
1124 4457 1185 4556 H,
1212 4461 1357 4569 globus
1384 4460 1587 4547 describet
1616 4463 1790 4573 sp'atium
1818 4464 1886 4548 2F
1912 4467 2017 4577 digi-

447 4613 585 4676 torum
604 4595 772 4693 4‚4256;
793 4585 973 4698 ideoq-ue
993 4607 1180 4696 tempore
1198 4586 1450 4670 minutorum
1467 4609 1643 4702 quatuor
1657 4589 1934 4680 secundorum
1950 4593 2017 4676 de·

446 4716 595 4802 scribet
607 4712 777 4830 spatium
792 4711 1018 4820 digitorum
1038 4715 1241 4815 r·16,124.5..
1278 4709 1537 4799 Subducrtur
1556 4714 1726 4826 spatium
1746 4719 1971 4825 123862944
1984 4715 2024 4800 F'

448 4842 516 4926 seu
546 4839 803 4950 3,0676·dig..
822 4835 865 4920 dr
894 4838 1073 4922 manebit
1106 4834 1276 4948 spatium
1311 4847 1501 4948 113,0569
1530 4841 1755 4953 digitorum
1788 4844 1906 4958 quod
1931 4845 2012 4954 glo-

448 4969 522 5060 bus
543 4965 730 5055 cadendo
755 4966 796 5049 in
822 4988 938 5082 aqua,
967 4961 1122 5054 invase
1146 4961 1617 5084 ampliffimomempore
1646 4971 1903 5058 minutorum
1923 4995 2014 5082 quo

671 5141 677 5152 ‚
1187 5111 1206 5161 ’τ
1256 5140 1261 5153 ·
1921 5117 2019 5180 tuor.
