<?xml version="1.0" encoding="UTF-8"?>
<!DOCTYPE html PUBLIC "-//W3C//DTD XHTML 1.0 Transitional//EN"
    "http://www.w3.org/TR/xhtml1/DTD/xhtml1-transitional.dtd">
<html xmlns="http://www.w3.org/1999/xhtml" xml:lang="en" lang="en">
 <head>
  <title>
</title>
<meta http-equiv="Content-Type" content="text/html;charset=utf-8" />
  <meta name='ocr-system' content='tesseract 3.04.00' />
  <meta name='ocr-capabilities' content='ocr_page ocr_carea ocr_par ocr_line ocrx_word'/>
</head>
<body>
  <div class='ocr_page' id='page_1' title='image "./philosophinatur00cotegoog_0564.png"; bbox 0 0 4338 5656; ppageno 0'>
   <div class='ocr_carea' id='block_1_1' title="bbox 439 259 1755 392">
    <p class='ocr_par' dir='ltr' id='par_1_1' title="bbox 439 259 1755 392">
     <span class='ocr_line' id='line_1_1' title="bbox 439 259 1755 392; baseline -0.006 -26"><span class='ocrx_word' id='word_1_1' title='bbox 439 266 837 371; x_wconf 82' lang='lat' dir='ltr'><strong>PRINCIPIA</strong></span> <span class='ocrx_word' id='word_1_2' title='bbox 884 259 1480 364; x_wconf 79' lang='lat' dir='ltr'><strong>MATHE-MATICA.</strong></span> <span class='ocrx_word' id='word_1_3' title='bbox 1657 265 1755 392; x_wconf 87' lang='lat'>483</span> 
     </span>
    </p>
   </div>
   <div class='ocr_carea' id='block_1_2' title="bbox 145 511 1823 4782">
    <p class='ocr_par' dir='ltr' id='par_1_2' title="bbox 145 511 1823 4782">
     <span class='ocr_line' id='line_1_2' title="bbox 188 511 1821 676; baseline -0.01 -25"><span class='ocrx_word' id='word_1_4' title='bbox 188 567 307 654; x_wconf 90' lang='lat' dir='ltr'>batur</span> <span class='ocrx_word' id='word_1_5' title='bbox 334 559 534 676; x_wconf 85' lang='lat' dir='ltr'>usquead</span> <span class='ocrx_word' id='word_1_6' title='bbox 562 558 671 670; x_wconf 76' lang='lat' dir='ltr'>Seps.</span> <span class='ocrx_word' id='word_1_7' title='bbox 698 588 735 664; x_wconf 94' lang='grc'>4.</span> <span class='ocrx_word' id='word_1_8' title='bbox 763 556 940 674; x_wconf 85' lang='lat' dir='ltr'>quando</span> <span class='ocrx_word' id='word_1_9' title='bbox 958 555 1080 642; x_wconf 86' lang='lat' dir='ltr'>evastt</span> <span class='ocrx_word' id='word_1_10' title='bbox 1105 555 1307 666; x_wconf 84' lang='lat' dir='ltr'>graduum</span> <span class='ocrx_word' id='word_1_11' title='bbox 1333 554 1443 667; x_wconf 82' lang='lat' dir='ltr'>quast</span> <span class='ocrx_word' id='word_1_12' title='bbox 1471 553 1668 666; x_wconf 90' lang='lat' dir='ltr'>quinque.</span> <span class='ocrx_word' id='word_1_13' title='bbox 1704 511 1821 637; x_wconf 79' lang='grc' dir='ltr'>ΙΙ-Τ</span> 
     </span>
     <span class='ocr_line' id='line_1_3' title="bbox 187 677 1761 824; baseline -0.006 -50"><span class='ocrx_word' id='word_1_14' title='bbox 187 693 299 800; x_wconf 83' lang='lat' dir='ltr'>gitur</span> <span class='ocrx_word' id='word_1_15' title='bbox 325 709 418 773; x_wconf 92' lang='lat' dir='ltr'>toto</span> <span class='ocrx_word' id='word_1_16' title='bbox 437 688 519 772; x_wconf 85' lang='lat' dir='ltr'>lroc</span> <span class='ocrx_word' id='word_1_17' title='bbox 548 705 737 824; x_wconf 83' lang='lat' dir='ltr'>tempore</span> <span class='ocrx_word' id='word_1_18' title='bbox 756 699 921 768; x_wconf 84' lang='lat' dir='ltr'>cometa</span> <span class='ocrx_word' id='word_1_19' title='bbox 944 680 997 766; x_wconf 91' lang='lat' dir='ltr'>ad</span> <span class='ocrx_word' id='word_1_20' title='bbox 1023 699 1174 768; x_wconf 85' lang='lat' dir='ltr'>terram</span> <span class='ocrx_word' id='word_1_21' title='bbox 1192 681 1558 793; x_wconf 84' lang='lat' dir='ltr'><strong>appropinquabat.</strong></span> <span class='ocrx_word' id='word_1_22' title='bbox 1582 677 1629 762; x_wconf 91' lang='lat' dir='ltr'>ld</span> <span class='ocrx_word' id='word_1_23' title='bbox 1645 677 1761 790; x_wconf 89' lang='lat' dir='ltr'>quod</span> 
     </span>
     <span class='ocr_line' id='line_1_4' title="bbox 183 804 1761 921; baseline -0.007 -21"><span class='ocrx_word' id='word_1_24' title='bbox 183 817 315 900; x_wconf 86' lang='lat' dir='ltr'>etiam</span> <span class='ocrx_word' id='word_1_25' title='bbox 340 840 397 900; x_wconf 85' lang='lat' dir='ltr'>ex</span> <span class='ocrx_word' id='word_1_26' title='bbox 420 813 624 900; x_wconf 87' lang='lat' dir='ltr'>diametro</span> <span class='ocrx_word' id='word_1_27' title='bbox 643 809 786 921; x_wconf 89' lang='lat' dir='ltr'>capitis</span> <span class='ocrx_word' id='word_1_28' title='bbox 811 809 1080 894; x_wconf 90' lang='lat' dir='ltr'>micrometro</span> <span class='ocrx_word' id='word_1_29' title='bbox 1099 805 1324 892; x_wconf 82' lang='lat' dir='ltr'>mensurata</span> <span class='ocrx_word' id='word_1_30' title='bbox 1341 806 1578 914; x_wconf 84' lang='lat' dir='ltr'>colligitur:</span> <span class='ocrx_word' id='word_1_31' title='bbox 1607 804 1761 916; x_wconf 88' lang='lat' dir='ltr'><strong>quippe</strong></span> 
     </span>
     <span class='ocr_line' id='line_1_5' title="bbox 188 929 1764 1054; baseline -0.008 -28"><span class='ocrx_word' id='word_1_32' title='bbox 188 965 315 1054; x_wconf 90' lang='lat' dir='ltr'>quam</span> <span class='ocrx_word' id='word_1_33' title='bbox 337 938 536 1024; x_wconf 81' lang='lat' dir='ltr'>Heuelr&#39;rs</span> <span class='ocrx_word' id='word_1_34' title='bbox 559 937 711 1046; x_wconf 90' lang='lat' dir='ltr'>reperit</span> <span class='ocrx_word' id='word_1_35' title='bbox 734 935 839 1048; x_wconf 84' lang='lat' dir='ltr'>Aug.</span> <span class='ocrx_word' id='word_1_36' title='bbox 863 940 900 1016; x_wconf 88' lang='lat'>6.</span> <span class='ocrx_word' id='word_1_37' title='bbox 929 929 1007 1018; x_wconf 83' lang='lat' dir='ltr'>elle</span> <span class='ocrx_word' id='word_1_38' title='bbox 1033 951 1193 1018; x_wconf 84' lang='lat' dir='ltr'>tantum</span> <span class='ocrx_word' id='word_1_39' title='bbox 1219 929 1271 1017; x_wconf 80' lang='lat'>6&#39;.</span> <span class='ocrx_word' id='word_1_40' title='bbox 1302 929 1358 1034; x_wconf 76' lang='lat'>5&#39;¹</span> <span class='ocrx_word' id='word_1_41' title='bbox 1387 931 1539 1016; x_wconf 85' lang='lat' dir='ltr'>inclusa</span> <span class='ocrx_word' id='word_1_42' title='bbox 1564 955 1697 1024; x_wconf 85' lang='lat' dir='ltr'>coma,</span> <span class='ocrx_word' id='word_1_43' title='bbox 1723 951 1764 1014; x_wconf 91' lang='lat' dir='ltr'>at</span> 
     </span>
     <span class='ocr_line' id='line_1_6' title="bbox 188 1055 1823 1174; baseline -0.007 -22"><span class='ocrx_word' id='word_1_44' title='bbox 188 1066 303 1174; x_wconf 80' lang='lat' dir='ltr'>Sept.</span> <span class='ocrx_word' id='word_1_45' title='bbox 321 1091 360 1146; x_wconf 88' lang='lat'>2.</span> <span class='ocrx_word' id='word_1_46' title='bbox 387 1056 468 1147; x_wconf 85' lang='lat' dir='ltr'>elle</span> <span class='ocrx_word' id='word_1_47' title='bbox 499 1057 554 1169; x_wconf 85' lang='lat'>9‘.</span> <span class='ocrx_word' id='word_1_48' title='bbox 584 1058 655 1161; x_wconf 67' lang='lat'>7⁰.</span> <span class='ocrx_word' id='word_1_49' title='bbox 681 1056 819 1168; x_wconf 92' lang='lat' dir='ltr'>Caput</span> <span class='ocrx_word' id='word_1_50' title='bbox 844 1056 970 1166; x_wconf 84' lang='lat' dir='ltr'>igitur</span> <span class='ocrx_word' id='word_1_51' title='bbox 992 1056 1112 1142; x_wconf 91' lang='lat' dir='ltr'>initio</span> <span class='ocrx_word' id='word_1_52' title='bbox 1133 1055 1257 1167; x_wconf 83' lang='lat' dir='ltr'>longe</span> <span class='ocrx_word' id='word_1_53' title='bbox 1278 1058 1411 1142; x_wconf 89' lang='lat' dir='ltr'>minus</span> <span class='ocrx_word' id='word_1_54' title='bbox 1434 1055 1619 1166; x_wconf 89' lang='lat' dir='ltr'>apparuit</span> <span class='ocrx_word' id='word_1_55' title='bbox 1639 1079 1763 1165; x_wconf 90' lang='lat' dir='ltr'>quam</span> <span class='ocrx_word' id='word_1_56' title='bbox 1821 1091 1823 1098; x_wconf 58' lang='grc'><em>’</em></span> 
     </span>
     <span class='ocr_line' id='line_1_7' title="bbox 190 1179 1762 1291; baseline -0.006 -17"><span class='ocrx_word' id='word_1_57' title='bbox 190 1189 233 1274; x_wconf 94' lang='lat' dir='ltr'>in</span> <span class='ocrx_word' id='word_1_58' title='bbox 251 1187 333 1272; x_wconf 88' lang='lat' dir='ltr'>fine</span> <span class='ocrx_word' id='word_1_59' title='bbox 358 1207 509 1284; x_wconf 86' lang='lat' dir='ltr'>motus,</span> <span class='ocrx_word' id='word_1_60' title='bbox 533 1207 574 1270; x_wconf 90' lang='lat' dir='ltr'>at</span> <span class='ocrx_word' id='word_1_61' title='bbox 598 1183 719 1270; x_wconf 90' lang='lat' dir='ltr'>initio</span> <span class='ocrx_word' id='word_1_62' title='bbox 749 1199 885 1268; x_wconf 91' lang='lat' dir='ltr'>tamen</span> <span class='ocrx_word' id='word_1_63' title='bbox 909 1181 952 1268; x_wconf 90' lang='lat' dir='ltr'>in</span> <span class='ocrx_word' id='word_1_64' title='bbox 979 1181 1127 1266; x_wconf 88' lang='lat' dir='ltr'>vicinia</span> <span class='ocrx_word' id='word_1_65' title='bbox 1157 1179 1249 1266; x_wconf 90' lang='lat' dir='ltr'>solis</span> <span class='ocrx_word' id='word_1_66' title='bbox 1273 1182 1398 1291; x_wconf 87' lang='lat' dir='ltr'>longe</span> <span class='ocrx_word' id='word_1_67' title='bbox 1426 1179 1601 1268; x_wconf 85' lang='lat' dir='ltr'>lucidius</span> <span class='ocrx_word' id='word_1_68' title='bbox 1624 1181 1762 1265; x_wconf 87' lang='lat' dir='ltr'>extitit</span> 
     </span>
     <span class='ocr_line' id='line_1_8' title="bbox 191 1303 1763 1425; baseline -0.008 -28"><span class='ocrx_word' id='word_1_69' title='bbox 191 1337 316 1425; x_wconf 89' lang='lat' dir='ltr'>quam</span> <span class='ocrx_word' id='word_1_70' title='bbox 338 1313 450 1396; x_wconf 83' lang='lat' dir='ltr'>cirea</span> <span class='ocrx_word' id='word_1_71' title='bbox 474 1309 615 1408; x_wconf 88' lang='lat' dir='ltr'>linem,</span> <span class='ocrx_word' id='word_1_72' title='bbox 641 1326 688 1393; x_wconf 93' lang='lat' dir='ltr'>ut</span> <span class='ocrx_word' id='word_1_73' title='bbox 712 1305 840 1391; x_wconf 87' lang='lat' dir='ltr'>refert</span> <span class='ocrx_word' id='word_1_74' title='bbox 862 1305 978 1392; x_wconf 90' lang='lat' dir='ltr'>idem</span> <span class='ocrx_word' id='word_1_75' title='bbox 993 1303 1207 1390; x_wconf 72' lang='lat' dir='ltr'>Herelius.</span> <span class='ocrx_word' id='word_1_76' title='bbox 1234 1303 1421 1390; x_wconf 87' lang='lat' dir='ltr'>Proinde</span> <span class='ocrx_word' id='word_1_77' title='bbox 1443 1324 1538 1388; x_wconf 90' lang='lat' dir='ltr'>toto</span> <span class='ocrx_word' id='word_1_78' title='bbox 1558 1305 1638 1388; x_wconf 91' lang='lat' dir='ltr'>hoc</span> <span class='ocrx_word' id='word_1_79' title='bbox 1659 1320 1763 1386; x_wconf 87' lang='lat' dir='ltr'>tem-</span> 
     </span>
     <span class='ocr_line' id='line_1_9' title="bbox 191 1425 1817 1545; baseline -0.006 -27"><span class='ocrx_word' id='word_1_80' title='bbox 191 1459 307 1545; x_wconf 85' lang='lat' dir='ltr'><strong>pore,</strong></span> <span class='ocrx_word' id='word_1_81' title='bbox 339 1431 392 1516; x_wconf 92' lang='lat' dir='ltr'>ob</span> <span class='ocrx_word' id='word_1_82' title='bbox 412 1429 610 1518; x_wconf 81' lang='lat' dir='ltr'>recessum</span> <span class='ocrx_word' id='word_1_83' title='bbox 629 1429 749 1544; x_wconf 85' lang='lat' dir='ltr'>ipfius</span> <span class='ocrx_word' id='word_1_84' title='bbox 769 1457 790 1514; x_wconf 90' lang='lat' dir='ltr'>a</span> <span class='ocrx_word' id='word_1_85' title='bbox 807 1427 903 1526; x_wconf 90' lang='lat' dir='ltr'>sole,</span> <span class='ocrx_word' id='word_1_86' title='bbox 930 1429 1069 1542; x_wconf 87' lang='lat' dir='ltr'>quoad</span> <span class='ocrx_word' id='word_1_87' title='bbox 1088 1430 1226 1516; x_wconf 89' lang='lat' dir='ltr'>lumen</span> <span class='ocrx_word' id='word_1_88' title='bbox 1246 1428 1446 1525; x_wconf 89' lang='lat' dir='ltr'>decrevit,</span> <span class='ocrx_word' id='word_1_89' title='bbox 1474 1453 1557 1535; x_wconf 88' lang='lat' dir='ltr'>non</span> <span class='ocrx_word' id='word_1_90' title='bbox 1578 1425 1762 1511; x_wconf 84' lang='lat' dir='ltr'>obstante</span> <span class='ocrx_word' id='word_1_91' title='bbox 1815 1514 1817 1518; x_wconf 77' lang='lat'><em>.</em></span> 
     </span>
     <span class='ocr_line' id='line_1_10' title="bbox 192 1549 1764 1642; baseline -0.006 -2"><span class='ocrx_word' id='word_1_92' title='bbox 192 1551 349 1642; x_wconf 80' lang='lat' dir='ltr'>ac&#39;cellu</span> <span class='ocrx_word' id='word_1_93' title='bbox 375 1554 426 1640; x_wconf 82' lang='lat' dir='ltr'>ad</span> <span class='ocrx_word' id='word_1_94' title='bbox 453 1575 617 1641; x_wconf 89' lang='lat' dir='ltr'>terram.</span> <span class='ocrx_word' id='word_1_95' title='bbox 672 1552 851 1640; x_wconf 83' lang='lat' dir='ltr'>Cometa</span> <span class='ocrx_word' id='word_1_96' title='bbox 885 1552 978 1638; x_wconf 87' lang='lat' dir='ltr'>anni</span> <span class='ocrx_word' id='word_1_97' title='bbox 1016 1550 1115 1636; x_wconf 79' lang='lat'>161&#39;8</span> <span class='ocrx_word' id='word_1_98' title='bbox 1151 1554 1261 1639; x_wconf 90' lang='lat' dir='ltr'>circa</span> <span class='ocrx_word' id='word_1_99' title='bbox 1297 1551 1479 1638; x_wconf 89' lang='lat' dir='ltr'>medium</span> <span class='ocrx_word' id='word_1_100' title='bbox 1506 1549 1650 1636; x_wconf 87' lang='lat' dir='ltr'>mensis</span> <span class='ocrx_word' id='word_1_101' title='bbox 1674 1549 1764 1631; x_wconf 82' lang='lat' dir='ltr'>De·</span> 
     </span>
     <span class='ocr_line' id='line_1_11' title="bbox 193 1673 1763 1784; baseline -0.006 -20"><span class='ocrx_word' id='word_1_102' title='bbox 193 1680 371 1774; x_wconf 80' lang='lat' dir='ltr'>cembrr&#39;r,</span> <span class='ocrx_word' id='word_1_103' title='bbox 399 1678 444 1764; x_wconf 86' lang='lat'>&amp;</span> <span class='ocrx_word' id='word_1_104' title='bbox 469 1677 543 1764; x_wconf 90' lang='lat' dir='ltr'>iste</span> <span class='ocrx_word' id='word_1_105' title='bbox 576 1678 672 1764; x_wconf 81' lang='lat' dir='ltr'>enni</span> <span class='ocrx_word' id='word_1_106' title='bbox 706 1675 809 1760; x_wconf 84' lang='lat'>1680</span> <span class='ocrx_word' id='word_1_107' title='bbox 837 1677 946 1760; x_wconf 84' lang='lat' dir='ltr'>circa</span> <span class='ocrx_word' id='word_1_108' title='bbox 982 1675 1105 1762; x_wconf 87' lang='lat' dir='ltr'>finem</span> <span class='ocrx_word' id='word_1_109' title='bbox 1143 1675 1324 1784; x_wconf 88' lang='lat' dir='ltr'>ejusdem</span> <span class='ocrx_word' id='word_1_110' title='bbox 1362 1673 1521 1770; x_wconf 86' lang='lat' dir='ltr'>mensis,</span> <span class='ocrx_word' id='word_1_111' title='bbox 1550 1673 1763 1760; x_wconf 83' lang='lat' dir='ltr'>celerrime</span> 
     </span>
     <span class='ocr_line' id='line_1_12' title="bbox 192 1791 1764 1919; baseline -0.006 -28"><span class='ocrx_word' id='word_1_112' title='bbox 192 1805 480 1902; x_wconf 84' lang='lat' dir='ltr'>movebantur,</span> <span class='ocrx_word' id='word_1_113' title='bbox 506 1804 688 1919; x_wconf 92' lang='lat' dir='ltr'>ideoque</span> <span class='ocrx_word' id='word_1_114' title='bbox 710 1823 809 1888; x_wconf 90' lang='lat' dir='ltr'>tunc</span> <span class='ocrx_word' id='word_1_115' title='bbox 829 1791 1003 1888; x_wconf 69' lang='lat' dir='ltr'>erant&#39;in</span> <span class='ocrx_word' id='word_1_116' title='bbox 1021 1803 1216 1918; x_wconf 82' lang='lat' dir='ltr'>perigaeis.</span> <span class='ocrx_word' id='word_1_117' title='bbox 1246 1799 1404 1886; x_wconf 89' lang='lat' dir='ltr'>Verum</span> <span class='ocrx_word' id='word_1_118' title='bbox 1425 1797 1617 1913; x_wconf 83' lang='lat' dir='ltr'>splendor</span> <span class='ocrx_word' id='word_1_119' title='bbox 1638 1799 1764 1884; x_wconf 85' lang='lat' dir='ltr'>maxi·</span> 
     </span>
     <span class='ocr_line' id='line_1_13' title="bbox 193 1919 1763 2040; baseline -0.008 -24"><span class='ocrx_word' id='word_1_120' title='bbox 193 1953 284 2016; x_wconf 89' lang='lat' dir='ltr'>mus</span> <span class='ocrx_word' id='word_1_121' title='bbox 302 1928 483 2039; x_wconf 84' lang='lat' dir='ltr'>capitum</span> <span class='ocrx_word' id='word_1_122' title='bbox 501 1929 679 2040; x_wconf 87' lang='lat' dir='ltr'>contigit</span> <span class='ocrx_word' id='word_1_123' title='bbox 700 1945 793 2014; x_wconf 83' lang='lat' dir='ltr'>ante</span> <span class='ocrx_word' id='word_1_124' title='bbox 812 1926 911 2011; x_wconf 88' lang='lat' dir='ltr'>duas</span> <span class='ocrx_word' id='word_1_125' title='bbox 936 1925 1024 2012; x_wconf 92' lang='lat' dir='ltr'>sere</span> <span class='ocrx_word' id='word_1_126' title='bbox 1046 1925 1301 2038; x_wconf 84' lang='lat' dir='ltr'>septimanas,</span> <span class='ocrx_word' id='word_1_127' title='bbox 1329 1923 1402 2008; x_wconf 89' lang='lat' dir='ltr'>ubi</span> <span class='ocrx_word' id='word_1_128' title='bbox 1426 1919 1557 2008; x_wconf 90' lang='lat' dir='ltr'>modo</span> <span class='ocrx_word' id='word_1_129' title='bbox 1579 1921 1763 2008; x_wconf 86' lang='lat' dir='ltr'>exierant</span> 
     </span>
     <span class='ocr_line' id='line_1_14' title="bbox 193 2048 1765 2168; baseline -0.004 -27"><span class='ocrx_word' id='word_1_130' title='bbox 193 2059 248 2141; x_wconf 93' lang='lat' dir='ltr'>de</span> <span class='ocrx_word' id='word_1_131' title='bbox 273 2055 395 2140; x_wconf 85' lang='lat' dir='ltr'>radiis</span> <span class='ocrx_word' id='word_1_132' title='bbox 419 2053 641 2153; x_wconf 74' lang='lat' dir='ltr'>solaribusr</span> <span class='ocrx_word' id='word_1_133' title='bbox 678 2053 936 2168; x_wconf 83' lang='lat' dir='ltr'>&amp;splendor</span> <span class='ocrx_word' id='word_1_134' title='bbox 961 2052 1160 2138; x_wconf 83' lang='lat' dir='ltr'>maximus</span> <span class='ocrx_word' id='word_1_135' title='bbox 1186 2050 1410 2140; x_wconf 87' lang='lat' dir='ltr'>caudarum</span> <span class='ocrx_word' id='word_1_136' title='bbox 1439 2051 1561 2162; x_wconf 85' lang='lat' dir='ltr'>paulo</span> <span class='ocrx_word' id='word_1_137' title='bbox 1586 2069 1695 2145; x_wconf 83' lang='lat' dir='ltr'>ante,</span> <span class='ocrx_word' id='word_1_138' title='bbox 1720 2048 1765 2134; x_wconf 85' lang='lat' dir='ltr'>in</span> 
     </span>
     <span class='ocr_line' id='line_1_15' title="bbox 193 2175 1765 2290; baseline -0.005 -25"><span class='ocrx_word' id='word_1_139' title='bbox 193 2179 348 2290; x_wconf 86' lang='lat' dir='ltr'>majore</span> <span class='ocrx_word' id='word_1_140' title='bbox 376 2180 587 2266; x_wconf 87' lang='lat' dir='ltr'>vicinitate</span> <span class='ocrx_word' id='word_1_141' title='bbox 611 2181 716 2265; x_wconf 88' lang='lat' dir='ltr'>solis.</span> <span class='ocrx_word' id='word_1_142' title='bbox 771 2179 910 2290; x_wconf 90' lang='lat' dir='ltr'>Caput</span> <span class='ocrx_word' id='word_1_143' title='bbox 936 2194 1113 2264; x_wconf 83' lang='lat' dir='ltr'>cometae</span> <span class='ocrx_word' id='word_1_144' title='bbox 1137 2177 1302 2288; x_wconf 89' lang='lat' dir='ltr'>prioris,</span> <span class='ocrx_word' id='word_1_145' title='bbox 1326 2179 1442 2283; x_wconf 81' lang='lat' dir='ltr'>juxta</span> <span class='ocrx_word' id='word_1_146' title='bbox 1461 2175 1765 2260; x_wconf 86' lang='lat' dir='ltr'>observationes</span> 
     </span>
     <span class='ocr_line' id='line_1_16' title="bbox 194 2295 1764 2410; baseline -0.003 -26"><span class='ocrx_word' id='word_1_147' title='bbox 194 2305 346 2410; x_wconf 82' lang='lat' dir='ltr'>Cysati,</span> <span class='ocrx_word' id='word_1_148' title='bbox 372 2301 562 2385; x_wconf 80' lang='lat' dir='ltr'>Drcrmb.</span> <span class='ocrx_word' id='word_1_149' title='bbox 600 2329 632 2386; x_wconf 89' lang='lat' dir='ltr'>r.</span> <span class='ocrx_word' id='word_1_150' title='bbox 659 2299 786 2409; x_wconf 87' lang='lat' dir='ltr'>majus</span> <span class='ocrx_word' id='word_1_151' title='bbox 810 2301 1028 2385; x_wconf 83' lang='lat' dir='ltr'>videbatui</span> <span class='ocrx_word' id='word_1_152' title='bbox 1059 2299 1178 2384; x_wconf 85' lang='lat' dir='ltr'>stellis</span> <span class='ocrx_word' id='word_1_153' title='bbox 1207 2301 1351 2409; x_wconf 80' lang='lat' dir='ltr'>primae</span> <span class='ocrx_word' id='word_1_154' title='bbox 1382 2296 1683 2405; x_wconf 82' lang='lat' dir='ltr'>magnitudinis,</span> <span class='ocrx_word' id='word_1_155' title='bbox 1720 2295 1764 2380; x_wconf 81' lang='lat' dir='ltr'>dr</span> 
     </span>
     <span class='ocr_line' id='line_1_17' title="bbox 193 2418 1763 2536; baseline -0.004 -24"><span class='ocrx_word' id='word_1_156' title='bbox 193 2423 389 2512; x_wconf 81' lang='lat' dir='ltr'>Decems.</span> <span class='ocrx_word' id='word_1_157' title='bbox 406 2431 465 2508; x_wconf 87' lang='lat'>16.</span> <span class='ocrx_word' id='word_1_158' title='bbox 483 2423 589 2533; x_wconf 87' lang='lat' dir='ltr'>(jam</span> <span class='ocrx_word' id='word_1_159' title='bbox 609 2425 652 2509; x_wconf 92' lang='lat' dir='ltr'>in</span> <span class='ocrx_word' id='word_1_160' title='bbox 670 2424 852 2536; x_wconf 81' lang='lat' dir='ltr'>perigaeo</span> <span class='ocrx_word' id='word_1_161' title='bbox 869 2423 1057 2530; x_wconf 81' lang='lat' dir='ltr'>exiliens)</span> <span class='ocrx_word' id='word_1_162' title='bbox 1078 2421 1358 2532; x_wconf 83' lang='lat' dir='ltr'>magnitudine</span> <span class='ocrx_word' id='word_1_163' title='bbox 1374 2447 1533 2534; x_wconf 88' lang='lat' dir='ltr'>parum,</span> <span class='ocrx_word' id='word_1_164' title='bbox 1549 2418 1763 2532; x_wconf 75' lang='lat' dir='ltr'>splendore</span> 
     </span>
     <span class='ocr_line' id='line_1_18' title="bbox 194 2545 1765 2660; baseline -0.002 -28"><span class='ocrx_word' id='word_1_165' title='bbox 194 2549 266 2636; x_wconf 92' lang='lat' dir='ltr'>seu</span> <span class='ocrx_word' id='word_1_166' title='bbox 288 2546 471 2634; x_wconf 84' lang='lat' dir='ltr'>claritate</span> <span class='ocrx_word' id='word_1_167' title='bbox 495 2547 657 2632; x_wconf 88' lang='lat' dir='ltr'>luminis</span> <span class='ocrx_word' id='word_1_168' title='bbox 685 2546 906 2660; x_wconf 88' lang='lat' dir='ltr'>plurimum</span> <span class='ocrx_word' id='word_1_169' title='bbox 932 2546 1152 2634; x_wconf 85' lang='lat' dir='ltr'>defecerat.</span> <span class='ocrx_word' id='word_1_170' title='bbox 1182 2545 1283 2656; x_wconf 71' lang='lat' dir='ltr'>Jer.</span> <span class='ocrx_word' id='word_1_171' title='bbox 1313 2573 1348 2646; x_wconf 92' lang='lat'>7.</span> <span class='ocrx_word' id='word_1_172' title='bbox 1387 2545 1587 2654; x_wconf 74' lang='lat' dir='ltr'>Krple‘rur</span> <span class='ocrx_word' id='word_1_173' title='bbox 1613 2545 1667 2632; x_wconf 91' lang='lat' dir='ltr'>de</span> <span class='ocrx_word' id='word_1_174' title='bbox 1697 2569 1765 2630; x_wconf 64' lang='lat' dir='ltr'>eas</span> 
     </span>
     <span class='ocr_line' id='line_1_19' title="bbox 196 2668 1768 2787; baseline -0.004 -29"><span class='ocrx_word' id='word_1_175' title='bbox 196 2674 285 2787; x_wconf 90' lang='lat' dir='ltr'>pite</span> <span class='ocrx_word' id='word_1_176' title='bbox 311 2672 493 2756; x_wconf 87' lang='lat' dir='ltr'>incertus</span> <span class='ocrx_word' id='word_1_177' title='bbox 510 2670 637 2756; x_wconf 91' lang='lat' dir='ltr'>finem</span> <span class='ocrx_word' id='word_1_178' title='bbox 663 2672 763 2760; x_wconf 89' lang='lat' dir='ltr'>fecit</span> <span class='ocrx_word' id='word_1_179' title='bbox 787 2671 1039 2758; x_wconf 90' lang='lat' dir='ltr'>observandi.</span> <span class='ocrx_word' id='word_1_180' title='bbox 1095 2669 1177 2756; x_wconf 91' lang='lat' dir='ltr'>Die</span> <span class='ocrx_word' id='word_1_181' title='bbox 1209 2697 1256 2752; x_wconf 85' lang='lat'>12</span> <span class='ocrx_word' id='word_1_182' title='bbox 1270 2668 1427 2758; x_wconf 83' lang='lat' dir='ltr'>mensis</span> <span class='ocrx_word' id='word_1_183' title='bbox 1447 2669 1638 2766; x_wconf 78' lang='lat' dir='ltr'>Decerrb.</span> <span class='ocrx_word' id='word_1_184' title='bbox 1666 2691 1768 2752; x_wconf 61' lang='lat' dir='ltr'>conb</span> 
     </span>
     <span class='ocr_line' id='line_1_20' title="bbox 196 2790 1766 2909; baseline -0.003 -27"><span class='ocrx_word' id='word_1_185' title='bbox 196 2791 380 2909; x_wconf 77' lang='lat' dir='ltr'>spesiom</span> <span class='ocrx_word' id='word_1_186' title='bbox 406 2790 450 2876; x_wconf 75' lang='grc' dir='ltr'>δι</span> <span class='ocrx_word' id='word_1_187' title='bbox 474 2821 497 2878; x_wconf 85' lang='grc'>4</span> <span class='ocrx_word' id='word_1_188' title='bbox 517 2792 751 2902; x_wconf 69' lang='lat' dir='ltr'>Flamstedio</span> <span class='ocrx_word' id='word_1_189' title='bbox 782 2795 1040 2882; x_wconf 87' lang='lat' dir='ltr'>observatum</span> <span class='ocrx_word' id='word_1_190' title='bbox 1073 2793 1131 2880; x_wconf 82' lang='lat' dir='ltr'>est</span> <span class='ocrx_word' id='word_1_191' title='bbox 1160 2813 1285 2908; x_wconf 92' lang='lat' dir='ltr'>caput</span> <span class='ocrx_word' id='word_1_192' title='bbox 1316 2812 1493 2884; x_wconf 75' lang='lat' dir='ltr'>comete</span> <span class='ocrx_word' id='word_1_193' title='bbox 1530 2791 1766 2908; x_wconf 78' lang='lat' dir='ltr'>posterioris</span> 
     </span>
     <span class='ocr_line' id='line_1_21' title="bbox 194 2917 1768 3032; baseline -0.003 -25"><span class='ocrx_word' id='word_1_194' title='bbox 194 2921 239 3007; x_wconf 89' lang='lat' dir='ltr'>in</span> <span class='ocrx_word' id='word_1_195' title='bbox 257 2917 442 3005; x_wconf 83' lang='lat' dir='ltr'>dissentia</span> <span class='ocrx_word' id='word_1_196' title='bbox 463 2942 616 3004; x_wconf 89' lang='lat' dir='ltr'>novem</span> <span class='ocrx_word' id='word_1_197' title='bbox 635 2919 836 3030; x_wconf 86' lang='lat' dir='ltr'>graduum</span> <span class='ocrx_word' id='word_1_198' title='bbox 857 2947 880 3005; x_wconf 92' lang='lat' dir='ltr'>a</span> <span class='ocrx_word' id='word_1_199' title='bbox 896 2919 1008 3017; x_wconf 77' lang='lat' dir='ltr'>soler</span> <span class='ocrx_word' id='word_1_200' title='bbox 1037 2918 1081 3005; x_wconf 94' lang='lat' dir='ltr'>id</span> <span class='ocrx_word' id='word_1_201' title='bbox 1100 2918 1215 3032; x_wconf 90' lang='lat' dir='ltr'>quod</span> <span class='ocrx_word' id='word_1_202' title='bbox 1233 2917 1354 3005; x_wconf 84' lang='lat' dir='ltr'>stellae</span> <span class='ocrx_word' id='word_1_203' title='bbox 1370 2919 1503 3005; x_wconf 73' lang='lat' dir='ltr'>tertie</span> <span class='ocrx_word' id='word_1_204' title='bbox 1521 2917 1768 3030; x_wconf 83' lang='lat' dir='ltr'>magnitudi-</span> 
     </span>
     <span class='ocr_line' id='line_1_22' title="bbox 194 3039 1765 3153; baseline -0.001 -22"><span class='ocrx_word' id='word_1_205' title='bbox 194 3045 258 3131; x_wconf 83' lang='lat' dir='ltr'>nis</span> <span class='ocrx_word' id='word_1_206' title='bbox 278 3045 348 3128; x_wconf 85' lang='lat' dir='ltr'>vix</span> <span class='ocrx_word' id='word_1_207' title='bbox 365 3039 599 3126; x_wconf 88' lang='lat' dir='ltr'>eoncessum</span> <span class='ocrx_word' id='word_1_208' title='bbox 626 3042 773 3127; x_wconf 77' lang='lat' dir='ltr'>fuisset.</span> <span class='ocrx_word' id='word_1_209' title='bbox 801 3043 990 3127; x_wconf 80' lang='lat' dir='ltr'>Decemb.</span> <span class='ocrx_word' id='word_1_210' title='bbox 1022 3041 1133 3146; x_wconf 85' lang='lat'>15&amp;</span> <span class='ocrx_word' id='word_1_211' title='bbox 1161 3069 1209 3145; x_wconf 90' lang='lat'>17</span> <span class='ocrx_word' id='word_1_212' title='bbox 1235 3043 1418 3153; x_wconf 87' lang='lat' dir='ltr'>apparuit</span> <span class='ocrx_word' id='word_1_213' title='bbox 1445 3042 1560 3130; x_wconf 91' lang='lat' dir='ltr'>idem</span> <span class='ocrx_word' id='word_1_214' title='bbox 1587 3062 1632 3129; x_wconf 91' lang='lat' dir='ltr'>ut</span> <span class='ocrx_word' id='word_1_215' title='bbox 1656 3041 1765 3130; x_wconf 78' lang='lat' dir='ltr'>stella</span> 
     </span>
     <span class='ocr_line' id='line_1_23' title="bbox 194 3164 1767 3280; baseline 0.003 -29"><span class='ocrx_word' id='word_1_216' title='bbox 194 3166 330 3253; x_wconf 81' lang='lat' dir='ltr'>tertiae</span> <span class='ocrx_word' id='word_1_217' title='bbox 354 3164 661 3275; x_wconf 86' lang='lat' dir='ltr'>magnitudinis,</span> <span class='ocrx_word' id='word_1_218' title='bbox 687 3165 938 3252; x_wconf 91' lang='lat' dir='ltr'>diminutum</span> <span class='ocrx_word' id='word_1_219' title='bbox 964 3166 1107 3280; x_wconf 87' lang='lat' dir='ltr'>utique</span> <span class='ocrx_word' id='word_1_220' title='bbox 1132 3165 1350 3278; x_wconf 88' lang='lat' dir='ltr'>splendore</span> <span class='ocrx_word' id='word_1_221' title='bbox 1377 3166 1550 3274; x_wconf 88' lang='lat' dir='ltr'>nubium</span> <span class='ocrx_word' id='word_1_222' title='bbox 1572 3164 1686 3275; x_wconf 79' lang='lat' dir='ltr'>juxta</span> <span class='ocrx_word' id='word_1_223' title='bbox 1704 3167 1767 3256; x_wconf 86' lang='lat' dir='ltr'>so·</span> 
     </span>
     <span class='ocr_line' id='line_1_24' title="bbox 195 3288 1766 3404; baseline 0 -24"><span class='ocrx_word' id='word_1_224' title='bbox 195 3295 278 3380; x_wconf 90' lang='lat' dir='ltr'>lem</span> <span class='ocrx_word' id='word_1_225' title='bbox 309 3288 587 3378; x_wconf 87' lang='lat' dir='ltr'>occidentem.</span> <span class='ocrx_word' id='word_1_226' title='bbox 643 3290 835 3374; x_wconf 77' lang='lat' dir='ltr'>Decemb.</span> <span class='ocrx_word' id='word_1_227' title='bbox 867 3297 934 3376; x_wconf 88' lang='lat'>26.</span> <span class='ocrx_word' id='word_1_228' title='bbox 965 3289 1216 3378; x_wconf 89' lang='lat' dir='ltr'>velocissime</span> <span class='ocrx_word' id='word_1_229' title='bbox 1241 3311 1393 3390; x_wconf 90' lang='lat' dir='ltr'>motus,</span> <span class='ocrx_word' id='word_1_230' title='bbox 1430 3293 1556 3404; x_wconf 87' lang='lat' dir='ltr'>inque</span> <span class='ocrx_word' id='word_1_231' title='bbox 1586 3292 1766 3404; x_wconf 76' lang='lat' dir='ltr'>perigeo</span> 
     </span>
     <span class='ocr_line' id='line_1_25' title="bbox 195 3413 1767 3532; baseline 0.002 -31"><span class='ocrx_word' id='word_1_232' title='bbox 195 3415 500 3526; x_wconf 86' lang='lat' dir='ltr'>propemodum</span> <span class='ocrx_word' id='word_1_233' title='bbox 522 3413 710 3516; x_wconf 81' lang='lat' dir='ltr'>exiliens,</span> <span class='ocrx_word' id='word_1_234' title='bbox 734 3417 911 3504; x_wconf 73' lang='lat' dir='ltr'>sedebat</span> <span class='ocrx_word' id='word_1_235' title='bbox 939 3417 1003 3502; x_wconf 91' lang='lat' dir='ltr'>ori</span> <span class='ocrx_word' id='word_1_236' title='bbox 1029 3417 1177 3532; x_wconf 74' lang='lat' dir='ltr'>pegasi,</span> <span class='ocrx_word' id='word_1_237' title='bbox 1198 3415 1324 3504; x_wconf 79' lang='lat' dir='ltr'>stella</span> <span class='ocrx_word' id='word_1_238' title='bbox 1360 3415 1493 3504; x_wconf 85' lang='lat' dir='ltr'>tertiae</span> <span class='ocrx_word' id='word_1_239' title='bbox 1521 3418 1767 3528; x_wconf 77' lang='lat' dir='ltr'>magnitudi-</span> 
     </span>
     <span class='ocr_line' id='line_1_26' title="bbox 145 3539 1766 3658; baseline 0.002 -32"><span class='ocrx_word' id='word_1_240' title='bbox 145 3643 160 3656; x_wconf 44' lang='lat'><strong>·</strong></span> <span class='ocrx_word' id='word_1_241' title='bbox 195 3541 271 3626; x_wconf 89' lang='lat' dir='ltr'>nis.</span> <span class='ocrx_word' id='word_1_242' title='bbox 289 3539 390 3650; x_wconf 82' lang='lat' dir='ltr'>Jrrr.</span> <span class='ocrx_word' id='word_1_243' title='bbox 412 3567 447 3637; x_wconf 82' lang='lat'>3·</span> <span class='ocrx_word' id='word_1_244' title='bbox 476 3543 690 3653; x_wconf 82' lang='lat' dir='ltr'>apparebat</span> <span class='ocrx_word' id='word_1_245' title='bbox 719 3562 765 3628; x_wconf 93' lang='lat' dir='ltr'>ut</span> <span class='ocrx_word' id='word_1_246' title='bbox 791 3543 899 3630; x_wconf 79' lang='lat' dir='ltr'>stella</span> <span class='ocrx_word' id='word_1_247' title='bbox 917 3562 1085 3658; x_wconf 79' lang='lat' dir='ltr'>quartae,</span> <span class='ocrx_word' id='word_1_248' title='bbox 1106 3543 1207 3654; x_wconf 77' lang='lat' dir='ltr'>Jarr.</span> <span class='ocrx_word' id='word_1_249' title='bbox 1228 3573 1264 3652; x_wconf 90' lang='lat'>9.</span> <span class='ocrx_word' id='word_1_250' title='bbox 1291 3564 1340 3627; x_wconf 92' lang='lat' dir='ltr'>ut</span> <span class='ocrx_word' id='word_1_251' title='bbox 1357 3542 1464 3628; x_wconf 87' lang='lat' dir='ltr'>stella</span> <span class='ocrx_word' id='word_1_252' title='bbox 1482 3543 1650 3656; x_wconf 76' lang='lat' dir='ltr'>quintae,</span> <span class='ocrx_word' id='word_1_253' title='bbox 1667 3543 1766 3654; x_wconf 75' lang='lat' dir='ltr'>Jarr</span> 
     </span>
     <span class='ocr_line' id='line_1_27' title="bbox 199 3663 1771 3784; baseline 0.007 -34"><span class='ocrx_word' id='word_1_254' title='bbox 199 3693 221 3750; x_wconf 87' lang='lat' dir='ltr'>r</span> <span class='ocrx_word' id='word_1_255' title='bbox 228 3696 262 3767; x_wconf 86' lang='lat'>3·</span> <span class='ocrx_word' id='word_1_256' title='bbox 290 3665 345 3752; x_wconf 93' lang='lat' dir='ltr'>ob</span> <span class='ocrx_word' id='word_1_257' title='bbox 370 3663 629 3778; x_wconf 89' lang='lat' dir='ltr'>splendorem</span> <span class='ocrx_word' id='word_1_258' title='bbox 659 3671 767 3756; x_wconf 74' lang='lat' dir='ltr'>lune</span> <span class='ocrx_word' id='word_1_259' title='bbox 798 3667 1017 3756; x_wconf 85' lang='lat' dir='ltr'>crescentis</span> <span class='ocrx_word' id='word_1_260' title='bbox 1049 3669 1253 3782; x_wconf 88' lang='lat' dir='ltr'>disparuit.</span> <span class='ocrx_word' id='word_1_261' title='bbox 1281 3668 1385 3780; x_wconf 80' lang='lat' dir='ltr'>Jan.</span> <span class='ocrx_word' id='word_1_262' title='bbox 1406 3695 1469 3772; x_wconf 89' lang='lat'>25.</span> <span class='ocrx_word' id='word_1_263' title='bbox 1498 3669 1569 3756; x_wconf 84' lang='lat' dir='ltr'>vix</span> <span class='ocrx_word' id='word_1_264' title='bbox 1584 3671 1771 3784; x_wconf 82' lang='lat' dir='ltr'>aequabat</span> 
     </span>
     <span class='ocr_line' id='line_1_28' title="bbox 197 3791 1768 3907; baseline 0.003 -29"><span class='ocrx_word' id='word_1_265' title='bbox 197 3793 324 3880; x_wconf 84' lang='lat' dir='ltr'>stellas</span> <span class='ocrx_word' id='word_1_266' title='bbox 355 3791 643 3904; x_wconf 84' lang='lat' dir='ltr'>magnitudinis</span> <span class='ocrx_word' id='word_1_267' title='bbox 673 3792 866 3906; x_wconf 73' lang='lat' dir='ltr'>septimae,</span> <span class='ocrx_word' id='word_1_268' title='bbox 919 3791 965 3880; x_wconf 79' lang='lat' dir='ltr'>Si</span> <span class='ocrx_word' id='word_1_269' title='bbox 998 3793 1205 3881; x_wconf 90' lang='lat' dir='ltr'>sumantur</span> <span class='ocrx_word' id='word_1_270' title='bbox 1236 3793 1445 3907; x_wconf 76' lang='lat' dir='ltr'>equaliaa</span> <span class='ocrx_word' id='word_1_271' title='bbox 1469 3795 1650 3905; x_wconf 78' lang='lat' dir='ltr'>perigaeo</span> <span class='ocrx_word' id='word_1_272' title='bbox 1670 3795 1768 3886; x_wconf 85' lang='lat' dir='ltr'>hine</span> 
     </span>
     <span class='ocr_line' id='line_1_29' title="bbox 198 3917 1770 4034; baseline 0.004 -31"><span class='ocrx_word' id='word_1_273' title='bbox 198 3917 297 4004; x_wconf 90' lang='lat' dir='ltr'>inde</span> <span class='ocrx_word' id='word_1_274' title='bbox 321 3939 523 4030; x_wconf 72' lang='lat' dir='ltr'>ternpore,</span> <span class='ocrx_word' id='word_1_275' title='bbox 550 3919 687 4031; x_wconf 89' lang='lat' dir='ltr'>capita</span> <span class='ocrx_word' id='word_1_276' title='bbox 714 3945 811 4034; x_wconf 72' lang='lat' dir='ltr'>que</span> <span class='ocrx_word' id='word_1_277' title='bbox 834 3921 1089 4034; x_wconf 82' lang='lat' dir='ltr'>temporibus</span> <span class='ocrx_word' id='word_1_278' title='bbox 1116 3923 1191 4010; x_wconf 88' lang='lat' dir='ltr'>illis</span> <span class='ocrx_word' id='word_1_279' title='bbox 1212 3922 1264 4006; x_wconf 85' lang='lat' dir='ltr'>in¹</span> <span class='ocrx_word' id='word_1_280' title='bbox 1277 3921 1509 4033; x_wconf 75' lang='lat' dir='ltr'>longinquis</span> <span class='ocrx_word' id='word_1_281' title='bbox 1535 3923 1770 4032; x_wconf 80' lang='lat' dir='ltr'>regionibus</span> 
     </span>
     <span class='ocr_line' id='line_1_30' title="bbox 196 4041 1770 4158; baseline 0.004 -32"><span class='ocrx_word' id='word_1_282' title='bbox 196 4041 339 4156; x_wconf 88' lang='lat' dir='ltr'>polita,</span> <span class='ocrx_word' id='word_1_283' title='bbox 366 4043 423 4125; x_wconf 94' lang='lat' dir='ltr'>ob</span> <span class='ocrx_word' id='word_1_284' title='bbox 440 4043 612 4154; x_wconf 80' lang='lat' dir='ltr'>equales</span> <span class='ocrx_word' id='word_1_285' title='bbox 635 4069 661 4126; x_wconf 88' lang='lat' dir='ltr'>a</span> <span class='ocrx_word' id='word_1_286' title='bbox 684 4065 796 4130; x_wconf 85' lang='lat' dir='ltr'>terra</span> <span class='ocrx_word' id='word_1_287' title='bbox 818 4043 1034 4143; x_wconf 74' lang='lat' dir='ltr'>distantias,</span> <span class='ocrx_word' id='word_1_288' title='bbox 1060 4045 1268 4158; x_wconf 72' lang='lat' dir='ltr'>mqutliter</span> <span class='ocrx_word' id='word_1_289' title='bbox 1293 4045 1432 4131; x_wconf 84' lang='lat' dir='ltr'>lucere</span> <span class='ocrx_word' id='word_1_290' title='bbox 1458 4043 1701 4142; x_wconf 80' lang='lat' dir='ltr'>debuissent,</span> <span class='ocrx_word' id='word_1_291' title='bbox 1726 4046 1770 4133; x_wconf 87' lang='lat' dir='ltr'>iu</span> 
     </span>
     <span class='ocr_line' id='line_1_31' title="bbox 196 4164 1771 4282; baseline 0.003 -31"><span class='ocrx_word' id='word_1_292' title='bbox 196 4166 314 4279; x_wconf 78' lang='lat' dir='ltr'>plaga</span> <span class='ocrx_word' id='word_1_293' title='bbox 338 4164 430 4250; x_wconf 87' lang='lat' dir='ltr'>solis</span> <span class='ocrx_word' id='word_1_294' title='bbox 454 4165 632 4249; x_wconf 85' lang='lat' dir='ltr'>maxime</span> <span class='ocrx_word' id='word_1_295' title='bbox 655 4165 911 4278; x_wconf 89' lang='lat' dir='ltr'>splenduere,</span> <span class='ocrx_word' id='word_1_296' title='bbox 938 4195 991 4254; x_wconf 83' lang='lat' dir='ltr'>ex</span> <span class='ocrx_word' id='word_1_297' title='bbox 1009 4169 1133 4254; x_wconf 90' lang='lat' dir='ltr'>altera</span> <span class='ocrx_word' id='word_1_298' title='bbox 1161 4169 1327 4282; x_wconf 71' lang='lat' dir='ltr'>perigeni</span> <span class='ocrx_word' id='word_1_299' title='bbox 1349 4191 1464 4281; x_wconf 86' lang='lat' dir='ltr'>parte</span> <span class='ocrx_word' id='word_1_300' title='bbox 1488 4193 1702 4255; x_wconf 88' lang='lat' dir='ltr'>evanuere.</span> <span class='ocrx_word' id='word_1_301' title='bbox 1735 4171 1771 4256; x_wconf 86' lang='lat'>1·</span> 
     </span>
     <span class='ocr_line' id='line_1_32' title="bbox 197 4290 1771 4407; baseline 0.004 -31"><span class='ocrx_word' id='word_1_302' title='bbox 197 4291 308 4400; x_wconf 82' lang='lat' dir='ltr'>gitur</span> <span class='ocrx_word' id='word_1_303' title='bbox 330 4317 385 4376; x_wconf 84' lang='lat' dir='ltr'>ex</span> <span class='ocrx_word' id='word_1_304' title='bbox 408 4314 553 4400; x_wconf 84' lang='lat' dir='ltr'>magna</span> <span class='ocrx_word' id='word_1_305' title='bbox 577 4291 678 4377; x_wconf 88' lang='lat' dir='ltr'>lucis</span> <span class='ocrx_word' id='word_1_306' title='bbox 705 4293 747 4379; x_wconf 92' lang='lat' dir='ltr'>in</span> <span class='ocrx_word' id='word_1_307' title='bbox 770 4312 949 4407; x_wconf 89' lang='lat' dir='ltr'>utroque</span> <span class='ocrx_word' id='word_1_308' title='bbox 976 4293 1052 4380; x_wconf 86' lang='lat' dir='ltr'>srtu</span> <span class='ocrx_word' id='word_1_309' title='bbox 1074 4290 1318 4393; x_wconf 89' lang='lat' dir='ltr'>differentia,</span> <span class='ocrx_word' id='word_1_310' title='bbox 1346 4294 1607 4381; x_wconf 91' lang='lat' dir='ltr'>concluditur</span> <span class='ocrx_word' id='word_1_311' title='bbox 1626 4318 1771 4407; x_wconf 83' lang='lat' dir='ltr'>magna</span> 
     </span>
     <span class='ocr_line' id='line_1_33' title="bbox 197 4415 1771 4530; baseline 0.005 -29"><span class='ocrx_word' id='word_1_312' title='bbox 197 4415 290 4502; x_wconf 88' lang='lat' dir='ltr'>solis</span> <span class='ocrx_word' id='word_1_313' title='bbox 309 4415 352 4500; x_wconf 79' lang='lat' dir='ltr'>dr</span> <span class='ocrx_word' id='word_1_314' title='bbox 372 4431 548 4501; x_wconf 81' lang='lat' dir='ltr'>cometa</span> <span class='ocrx_word' id='word_1_315' title='bbox 566 4415 750 4504; x_wconf 87' lang='lat' dir='ltr'>vicinitas</span> <span class='ocrx_word' id='word_1_316' title='bbox 773 4419 816 4503; x_wconf 93' lang='lat' dir='ltr'>in</span> <span class='ocrx_word' id='word_1_317' title='bbox 842 4418 919 4504; x_wconf 85' lang='lat' dir='ltr'>srtu</span> <span class='ocrx_word' id='word_1_318' title='bbox 947 4419 1100 4530; x_wconf 87' lang='lat' dir='ltr'>priore.</span> <span class='ocrx_word' id='word_1_319' title='bbox 1155 4417 1263 4504; x_wconf 91' lang='lat' dir='ltr'>Nam</span> <span class='ocrx_word' id='word_1_320' title='bbox 1283 4421 1355 4505; x_wconf 89' lang='lat' dir='ltr'>lux</span> <span class='ocrx_word' id='word_1_321' title='bbox 1377 4439 1631 4506; x_wconf 88' lang='lat' dir='ltr'>cometarum</span> <span class='ocrx_word' id='word_1_322' title='bbox 1652 4444 1771 4530; x_wconf 81' lang='lat' dir='ltr'>regu·</span> 
     </span>
     <span class='ocr_line' id='line_1_34' title="bbox 197 4533 1772 4658; baseline 0.008 -40"><span class='ocrx_word' id='word_1_323' title='bbox 197 4533 291 4626; x_wconf 79' lang='lat' dir='ltr'>laris</span> <span class='ocrx_word' id='word_1_324' title='bbox 309 4537 387 4629; x_wconf 84' lang='lat' dir='ltr'>else</span> <span class='ocrx_word' id='word_1_325' title='bbox 410 4540 526 4637; x_wconf 89' lang='lat' dir='ltr'>solet,</span> <span class='ocrx_word' id='word_1_326' title='bbox 554 4540 598 4624; x_wconf 81' lang='lat' dir='ltr'>dc</span> <span class='ocrx_word' id='word_1_327' title='bbox 622 4551 797 4628; x_wconf 81' lang='lat' dir='ltr'>maxima</span> <span class='ocrx_word' id='word_1_328' title='bbox 815 4569 1008 4658; x_wconf 86' lang='lat' dir='ltr'>apparere</span> <span class='ocrx_word' id='word_1_329' title='bbox 1032 4541 1102 4630; x_wconf 92' lang='lat' dir='ltr'>ubi</span> <span class='ocrx_word' id='word_1_330' title='bbox 1122 4545 1253 4656; x_wconf 88' lang='lat' dir='ltr'>capita</span> <span class='ocrx_word' id='word_1_331' title='bbox 1270 4545 1519 4634; x_wconf 73' lang='lat' dir='ltr'>velocissime</span> <span class='ocrx_word' id='word_1_332' title='bbox 1539 4562 1772 4645; x_wconf 90' lang='lat' dir='ltr'>moventur,</span> 
     </span>
     <span class='ocr_line' id='line_1_35' title="bbox 194 4663 1770 4782; baseline 0.01 -38"><span class='ocrx_word' id='word_1_333' title='bbox 194 4663 437 4774; x_wconf 82' lang='lat' dir='ltr'>atqueideo</span> <span class='ocrx_word' id='word_1_334' title='bbox 458 4665 613 4754; x_wconf 89' lang='lat' dir='ltr'>suntin</span> <span class='ocrx_word' id='word_1_335' title='bbox 640 4669 850 4782; x_wconf 76' lang='lat' dir='ltr'>perigaeisr</span> <span class='ocrx_word' id='word_1_336' title='bbox 889 4667 966 4756; x_wconf 85' lang='lat' dir='ltr'>nili</span> <span class='ocrx_word' id='word_1_337' title='bbox 990 4689 1189 4782; x_wconf 88' lang='lat' dir='ltr'>quatenus</span> <span class='ocrx_word' id='word_1_338' title='bbox 1219 4698 1266 4756; x_wconf 87' lang='lat' dir='ltr'>ea</span> <span class='ocrx_word' id='word_1_339' title='bbox 1305 4669 1433 4781; x_wconf 85' lang='lat' dir='ltr'>major</span> <span class='ocrx_word' id='word_1_340' title='bbox 1461 4674 1517 4761; x_wconf 78' lang='lat' dir='ltr'>eli</span> <span class='ocrx_word' id='word_1_341' title='bbox 1546 4674 1591 4760; x_wconf 91' lang='lat' dir='ltr'>in</span> <span class='ocrx_word' id='word_1_342' title='bbox 1621 4669 1770 4760; x_wconf 87' lang='lat' dir='ltr'>vicinia</span> 
     </span>
    </p>
   </div>
   <div class='ocr_carea' id='block_1_3' title="bbox 196 4784 1772 5034">
    <p class='ocr_par' dir='ltr' id='par_1_3' title="bbox 196 4784 1772 5034">
     <span class='ocr_line' id='line_1_36' title="bbox 196 4784 305 4872; baseline 0.018 -2"><span class='ocrx_word' id='word_1_343' title='bbox 196 4784 305 4872; x_wconf 85' lang='lat' dir='ltr'>solis.</span> 
     </span>
     <span class='ocr_line' id='line_1_37' title="bbox 902 4917 1772 5034; baseline 0.01 -32"><span class='ocrx_word' id='word_1_344' title='bbox 902 4917 1042 5034; x_wconf 85' lang='lat' dir='ltr'>Qqq</span> <span class='ocrx_word' id='word_1_345' title='bbox 1071 4949 1096 5001; x_wconf 83' lang='lat' dir='ltr'>a</span> <span class='ocrx_word' id='word_1_346' title='bbox 1637 4923 1772 5012; x_wconf 72' lang='lat' dir='ltr'>Corus.</span> 
     </span>
    </p>
   </div>
   <div class='ocr_carea' id='block_1_4' title="bbox 0 0 2182 5656">
    <p class='ocr_par' dir='ltr' id='par_1_4' title="bbox 0 0 2182 5656">
     <span class='ocr_line' id='line_1_38' title="bbox 0 0 2182 5656; baseline 0 0"><span class='ocrx_word' id='word_1_347' title='bbox 0 0 2182 5656; x_wconf 95' lang='lat' dir='ltr'> </span> 
     </span>
    </p>
   </div>
  </div>
 </body>
</html>
