4338 5656
502 279 598 370 471
770 245 1315 346 uninosornrn
1363 241 1827 344 Νιτιιιιιιιι

329 432 455 490 buu
510 441 570 506 tas
584 420 787 504 minuatur
811 416 1141 502 auferendorum
1160 415 1443 528 centrifugam,
1473 445 1567 530 quac
1593 419 1763 503 oritura
1785 435 1905 502 motu
1925 415 2069 504 diurno

300 509 383 572 ΤΗ
367 525 496 574 Μ”ιυ
510 567 628 632 terrae
656 545 697 628 in
720 546 783 628 illa
805 543 1047 636 latitudinc;
1077 541 1210 652 gravia
1234 541 1291 624 ibi
1317 541 1504 630 cadendo
1532 543 1765 628 describent
1790 561 1982 652 tempore
2005 550 2068 629 mi

509 674 599 757 nuti
623 669 739 754 unius
767 668 932 752 secundi
965 667 1090 775 pedes
1119 691 1181 766 15,
1209 663 1292 772 dig.
1322 693 1356 763 1,
1384 667 1429 752 dc
1453 669 1519 750 lin.
1552 681 1608 758 14.
1674 664 1728 752 Et
1753 668 1825 750 hac
1855 668 2065 758 velocitate

506 795 642 906 gravia
665 791 811 876 cadere
837 795 878 876 in
900 789 1112 874 latitudine
1141 785 1321 870 Lutetiae
1345 785 1460 898 supra
1489 788 1690 874 ostensum
1721 788 1853 876 estad
1887 817 1995 901 prop.
2013 823 2063 894 ιν,

506 917 652 1000 dcxix.
907 980 913 986 -

562 1041 687 1126 Coros.
717 1037 752 1120 8.
792 1034 987 1120 Distantia
1022 1034 1244 1119 mediocris
1277 1055 1513 1120 centrorum
1539 1053 1660 1120 terrae
1690 1034 1731 1116 dr
1759 1037 1869 1120 lunae
1901 1041 1942 1123 in
1968 1041 2058 1154 syzy.

504 1168 580 1276 giis
609 1167 714 1248 lunae
735 1159 792 1244 est
817 1158 1022 1268 sexaginta
1040 1158 1433 1242 semidiametrorum
1453 1159 1719 1242 maximarum
1742 1179 1881 1260 terrae,
1913 1165 2055 1276 dempta

504 1289 703 1376 tricesima
739 1305 854 1394 parte
880 1282 1169 1366 semidiametri
1195 1282 1372 1366 circiter.
1433 1288 1484 1364 Et
1514 1283 1556 1365 in
1591 1283 1851 1394 quadraturis
1877 1289 1980 1374 lunae
1998 1295 2053 1378 dis·

506 1417 630 1502 tantia
665 1410 885 1495 mediocris
925 1407 1153 1492 eorundem
1198 1427 1437 1492 centrorum
1475 1407 1531 1490 est
1568 1413 1642 1498 60}
1674 1408 2050 1502 semidiametrorum

505 1560 638 1624 terrae.
692 1533 798 1618 Nam
829 1534 893 1616 ha
926 1532 1019 1616 duae
1047 1529 1243 1614 distantiae
1273 1527 1362 1615 sunt
1389 1529 1440 1614 ad
1466 1529 1690 1616 distantiam
1725 1535 1980 1624 mediocrem
2006 1546 2049 1624 lu·

505 1693 569 1751 nae
595 1663 637 1748 in
663 1656 888 1745 osiantibus
915 1677 961 1742 ut
994 1663 1044 1762 69
1073 1655 1116 1738 δι
1146 1683 1196 1758 70
1223 1654 1273 1738 ad
1308 1660 1380 1760 691·
1406 1677 1478 1764 per
1505 1679 1620 1764 prop.
1642 1683 1788 1742 xxvnr.

560 1786 686 1874 Coros.
710 1814 746 1892 9.
775 1782 971 1867 Dislantia
999 1779 1219 1865 mediocris
1248 1798 1485 1864 centrorum
1515 1800 1634 1864 terrae
1654 1779 1697 1861 δι
1717 1782 1823 1864 lunae
1850 1783 1890 1865 in
1909 1783 1983 1896 syn
1984 1789 2047 1895 'giis

499 1915 610 1996 lunae
628 1910 685 1992 eli
703 1907 908 2012 sexaginta
930 1905 1326 1989 semidiametrorum
1353 1903 1626 1988 mediocrium
1647 1923 1767 1988 terrae
1793 1933 1895 1992 cum
1915 1911 2045 1996 decima

503 2051 619 2146 parte
639 2028 943 2114 semidiametri.
998 2025 1085 2111 Et
1074 2054 1116 2112 ιιι
1134 2026 1388 2139 quadraturis
1416 2028 1521 2111 lunae
1542 2027 1725 2113 dillantia
1752 2032 1961 2116 mediocris
1983 2062 2042 2118 eo

502 2154 678 2241 rundem
707 2171 945 2236 centrorum
972 2150 1029 2234 est
1057 2148 1260 2260 sexaginta
1283 2149 1326 2232 dc
1346 2151 1462 2234 unius
1485 2151 1887 2242 semidiametrorum
1914 2159 2041 2244 medio·

500 2281 634 2365 crium
659 2297 792 2373 terrae,
818 2275 985 2384 dempta
1005 2273 1203 2358 tricesima
1221 2295 1334 2385 parte
1354 2273 1654 2358 semidiametri.

445 2457 447 2462 ,
559 2405 684 2488 Corol.
712 2427 772 2482 10.
809 2397 854 2484 ln
884 2399 1055 2509 syzygiis
1083 2399 1189 2482 lunae
1215 2399 1420 2508 parallaxis
1445 2396 1528 2505 ejus
1552 2397 1819 2484 horizontalis
1849 2404 2038 2490 mediocris

499 2533 543 2616 in
564 2524 843 2614 latitudinibus
865 2524 1064 2634 graduum
1086 2551 1163 2620 o‚3
1170 2550 1209 2616 ο,
1231 2523 1293 2620 38,
1313 2551 1379 2627 45,
1399 2549 1464 2624 52,
1491 2532 1557 2620 60,
1586 2551 1651 2630 90,
1682 2525 1740 2608 est
1770 2526 1850 2628 57'.
1869 2528 1955 2628 20'',
1969 2531 2035 2633 57¹

472 2700 489 2714 -·
503 2651 699 2758 1.6'',57'
723 2648 819 2756 ιζ’,
841 2643 1879 2759 57'.12'',57'10'',57'8''‚57'4''respesiive

552 2771 1353 2914 lnhiscomputationibusattraslionem
1369 2774 2037 2882 magneticamterraenonconsde·

498 2903 600 2998 ravi,
627 2897 740 3007 eujus
775 2897 917 3008 utique
956 2894 1156 3007 quantitas
1193 2919 1387 3006 perparva
1415 2896 1472 2984 est
1502 2895 1586 2980 dt
1575 2917 1795 3006 rgnoratur.
1848 2900 2036 3011 Siquando

499 3052 603 3112 vero
627 3026 714 3110 haec
734 3021 920 3108 attractio
940 3017 1167 3128 investigari
1187 3021 1354 3128 poterit,
1382 3019 1428 3106 δι
1447 3019 1644 3108 mensurae
1663 3023 1861 3132 graduum
1875 3025 1916 3108 in
1933 3026 2037 3110 meri·
2121 3043 2122 3054 ³

496 3150 637 3247 diano,
663 3173 710 3232 ac
738 3142 1014 3254 longitudines
1046 3142 1320 3253 pendulorum
1347 3141 1659 3230 isochrouorum
1681 3145 1722 3228 in
1747 3145 1904 3230 diverfir
1928 3147 2035 3255 paral·

498 3273 600 3370 lelis,
627 3266 816 3379 legesque
841 3285 1030 3350 motuum
1054 3266 1188 3368 maris,
1214 3263 1257 3348 ἃ
1287 3267 1493 3376 parallaxis
1517 3269 1621 3352 lunae
1638 3291 1735 3350 cum
1763 3268 1953 3354 diametris
1974 3293 2033 3376 aq

496 3389 731 3504 parentibus
751 3389 842 3474 solis
872 3387 916 3470 δι
934 3389 1040 3472 lunae
1061 3411 1114 3470 ex
1132 3387 1409 3496 phaenomenis
1429 3389 1655 3474 accuratius
1677 3387 1946 3476 determinata
1959 3389 2032 3474 sue·

497 3518 606 3604 rint:
652 3511 791 3597 licebit
816 3509 1017 3595 calculum
1040 3507 1151 3594 hunc
1175 3533 1344 3596 omnem
1367 3513 1595 3597 accuratius
1621 3529 1825 3621 repetere.
1871 3589 1876 3596 .

531 3761 1020 3862 ¹PROPOSITIO
1067 3764 1338 3865 XXXVIII.
1430 3766 1840 3863 PROBLEMA
1879 3765 1991 3860 XlX.

875 3992 1083 4094 Invenire
1106 3991 1312 4127 figuram
1340 3997 1529 4134 corporis
1558 4000 1684 4103 hrnae.

354 4337 358 4344 ,
549 4243 593 4332 Si
613 4267 763 4354 corpus
781 4242 920 4326 lunare
940 4237 1116 4326 fluidum
1139 4241 1239 4328 esset
1266 4241 1318 4328 ad
1340 4241 1459 4328 instar
1477 4245 1598 4332 maris
1615 4243 1756 4342 nostri,
1786 4251 1843 4334 vis
1860 4265 1959 4332 terra
1978 4237 2026 4322 ad

489 4366 671 4480 'fluidum
689 4366 788 4454 illud
807 4366 851 4450 in
869 4365 1049 4476 partibus
1066 4365 1109 4449 dr
1124 4366 1272 4450 citimis
1291 4364 1334 4450 δι
1353 4367 1503 4455 ultimis
1532 4369 1775 4460 elevandum
1795 4371 1881 4454 esset
1891 4365 1935 4448 ad
1950 4362 2029 4446 vim

492 4473 614 4590 suna,
639 4519 720 4605 qua
752 4517 863 4578 mare
895 4489 1118 4574 nostrum
1107 4516 1149 4572 m
1177 4491 1359 4598 partibus
1382 4493 1425 4578 δι
1448 4493 1520 4579 sub
1545 4496 1637 4582 luna
1663 4494 1707 4578 dc
1740 4496 1837 4580 luna
1854 4485 2030 4601 oppositis

487 4617 705 4711 attollitur,
734 4638 779 4700 ut
802 4613 976 4724 gravitas
1001 4613 1264 4700 acceleratrix
1282 4615 1424 4702 lunoe
1411 4637 1630 4702 interram
1657 4617 1708 4702 ad
1727 4615 1959 4728 gravitatem
1978 4633 2029 4692 ac·

489 4740 777 4828 celerauicem
800 4760 919 4866 terrac
942 4738 985 4824 iu
1007 4740 1160 4840 lunam,
1178 4735 1222 4826 dt
1249 4735 1444 4830 diameter
1466 4743 1574 4830 lunc
1595 4739 1649 4830 ad
1670 4741 1919 4830 diametrum
1927 4758 2030 4945 stem

1776 4860 1925 4972 conjuu
1958 4882 2027 4954 llus
