<?xml version="1.0" encoding="UTF-8"?>
<!DOCTYPE html PUBLIC "-//W3C//DTD XHTML 1.0 Transitional//EN"
    "http://www.w3.org/TR/xhtml1/DTD/xhtml1-transitional.dtd">
<html xmlns="http://www.w3.org/1999/xhtml" xml:lang="en" lang="en">
 <head>
  <title>
</title>
<meta http-equiv="Content-Type" content="text/html;charset=utf-8" />
  <meta name='ocr-system' content='tesseract 3.04.00' />
  <meta name='ocr-capabilities' content='ocr_page ocr_carea ocr_par ocr_line ocrx_word'/>
</head>
<body>
  <div class='ocr_page' id='page_1' title='image "./philosophinatur00cotegoog_0490.png"; bbox 0 0 4352 5646; ppageno 0'>
   <div class='ocr_carea' id='block_1_1' title="bbox 417 285 1740 416">
    <p class='ocr_par' dir='ltr' id='par_1_1' title="bbox 417 285 1740 416">
     <span class='ocr_line' id='line_1_1' title="bbox 417 285 1740 416; baseline 0.002 -34"><span class='ocrx_word' id='word_1_1' title='bbox 417 285 1462 386; x_wconf 76' lang='lat' dir='ltr'>Parnetnrantarnetrattcn.</span> <span class='ocrx_word' id='word_1_2' title='bbox 1634 317 1740 416; x_wconf 65' lang='lat'>421*</span> 
     </span>
    </p>
   </div>
   <div class='ocr_carea' id='block_1_2' title="bbox 174 450 1738 934">
    <p class='ocr_par' dir='ltr' id='par_1_2' title="bbox 174 450 1738 934">
     <span class='ocr_line' id='line_1_2' title="bbox 174 450 1734 565; baseline -0.001 -29"><span class='ocrx_word' id='word_1_3' title='bbox 174 467 355 565; x_wconf 82' lang='lat' dir='ltr'><strong>quartam</strong></span> <span class='ocrx_word' id='word_1_4' title='bbox 376 471 534 561; x_wconf 87' lang='lat' dir='ltr'>partem</span> <span class='ocrx_word' id='word_1_5' title='bbox 555 453 670 533; x_wconf 83' lang='lat' dir='ltr'>lineae</span> <span class='ocrx_word' id='word_1_6' title='bbox 692 457 806 560; x_wconf 77' lang='lat' dir='ltr'>unius</span> <span class='ocrx_word' id='word_1_7' title='bbox 826 457 894 534; x_wconf 84' lang='lat' dir='ltr'>vix</span> <span class='ocrx_word' id='word_1_8' title='bbox 914 452 1138 562; x_wconf 82' lang='lat' dir='ltr'>superante.</span> <span class='ocrx_word' id='word_1_9' title='bbox 1195 454 1375 538; x_wconf 89' lang='lat' dir='ltr'>Proinde</span> <span class='ocrx_word' id='word_1_10' title='bbox 1396 450 1626 540; x_wconf 88' lang='lat' dir='ltr'>differentia</span> <span class='ocrx_word' id='word_1_11' title='bbox 1648 477 1734 538; x_wconf 92' lang='lat' dir='ltr'>tota</span> 
     </span>
     <span class='ocr_line' id='line_1_3' title="bbox 176 571 1734 682; baseline 0.001 -24"><span class='ocrx_word' id='word_1_12' title='bbox 176 571 438 681; x_wconf 81' lang='lat' dir='ltr'>longitudinis</span> <span class='ocrx_word' id='word_1_13' title='bbox 467 573 855 682; x_wconf 86' lang='lat' dir='ltr'>pendulorumquae</span> <span class='ocrx_word' id='word_1_14' title='bbox 878 575 918 656; x_wconf 93' lang='lat' dir='ltr'>in</span> <span class='ocrx_word' id='word_1_15' title='bbox 947 573 1112 656; x_wconf 80' lang='lat' dir='ltr'>diversas</span> <span class='ocrx_word' id='word_1_16' title='bbox 1137 576 1369 680; x_wconf 86' lang='lat' dir='ltr'>regionibus</span> <span class='ocrx_word' id='word_1_17' title='bbox 1389 575 1601 659; x_wconf 90' lang='lat' dir='ltr'>isochrona</span> <span class='ocrx_word' id='word_1_18' title='bbox 1632 578 1734 668; x_wconf 84' lang='lat' dir='ltr'>sunt,</span> 
     </span>
     <span class='ocr_line' id='line_1_4' title="bbox 176 693 1738 806; baseline 0.003 -28"><span class='ocrx_word' id='word_1_19' title='bbox 176 695 336 788; x_wconf 85' lang='lat' dir='ltr'>diverso</span> <span class='ocrx_word' id='word_1_20' title='bbox 356 695 480 776; x_wconf 89' lang='lat' dir='ltr'>calori</span> <span class='ocrx_word' id='word_1_21' title='bbox 508 693 672 775; x_wconf 85' lang='lat' dir='ltr'>attribui</span> <span class='ocrx_word' id='word_1_22' title='bbox 697 718 780 783; x_wconf 90' lang='lat' dir='ltr'>non</span> <span class='ocrx_word' id='word_1_23' title='bbox 807 693 951 804; x_wconf 90' lang='lat' dir='ltr'>potell.</span> <span class='ocrx_word' id='word_1_24' title='bbox 1008 695 1089 778; x_wconf 87' lang='lat' dir='ltr'>Sed</span> <span class='ocrx_word' id='word_1_25' title='bbox 1109 697 1465 806; x_wconf 68' lang='lat' dir='ltr'>neque&#39;erroribus</span> <span class='ocrx_word' id='word_1_26' title='bbox 1489 697 1738 782; x_wconf 87' lang='lat' dir='ltr'>astronomo·</span> 
     </span>
     <span class='ocr_line' id='line_1_5' title="bbox 175 814 1738 934; baseline 0.003 -33"><span class='ocrx_word' id='word_1_27' title='bbox 175 844 309 902; x_wconf 85' lang='lat' dir='ltr'>turne</span> <span class='ocrx_word' id='word_1_28' title='bbox 337 819 477 900; x_wconf 84' lang='lat' dir='ltr'>Gallia</span> <span class='ocrx_word' id='word_1_29' title='bbox 496 814 703 900; x_wconf 86' lang='lat' dir='ltr'>missorum</span> <span class='ocrx_word' id='word_1_30' title='bbox 730 817 944 901; x_wconf 87' lang='lat' dir='ltr'>tribuenda</span> <span class='ocrx_word' id='word_1_31' title='bbox 969 817 1025 899; x_wconf 87' lang='lat' dir='ltr'>est</span> <span class='ocrx_word' id='word_1_32' title='bbox 1052 817 1140 900; x_wconf 85' lang='lat' dir='ltr'>haec</span> <span class='ocrx_word' id='word_1_33' title='bbox 1173 817 1414 903; x_wconf 88' lang='lat' dir='ltr'>differentia.</span> <span class='ocrx_word' id='word_1_34' title='bbox 1470 821 1575 905; x_wconf 89' lang='lat' dir='ltr'>Nam</span> <span class='ocrx_word' id='word_1_35' title='bbox 1599 849 1738 934; x_wconf 90' lang='lat' dir='ltr'>quam·</span> 
     </span>
    </p>
   </div>
   <div class='ocr_carea' id='block_1_3' title="bbox 174 937 1752 1050">
    <p class='ocr_par' dir='ltr' id='par_1_3' title="bbox 174 937 1752 1050">
     <span class='ocr_line' id='line_1_6' title="bbox 174 937 1752 1050; baseline 0.001 -24"><span class='ocrx_word' id='word_1_36' title='bbox 174 947 233 1027; x_wconf 80' lang='lat' dir='ltr'>vi&#39;s</span> <span class='ocrx_word' id='word_1_37' title='bbox 253 967 398 1028; x_wconf 91' lang='lat' dir='ltr'>eorum</span> <span class='ocrx_word' id='word_1_38' title='bbox 420 941 719 1026; x_wconf 88' lang='lat' dir='ltr'>observationes</span> <span class='ocrx_word' id='word_1_39' title='bbox 738 966 821 1022; x_wconf 91' lang='lat' dir='ltr'>non</span> <span class='ocrx_word' id='word_1_40' title='bbox 850 937 1027 1050; x_wconf 73' lang='lat' dir='ltr'>perfetie</span> <span class='ocrx_word' id='word_1_41' title='bbox 1048 964 1275 1049; x_wconf 89' lang='lat' dir='ltr'>congruant</span> <span class='ocrx_word' id='word_1_42' title='bbox 1303 946 1408 1028; x_wconf 92' lang='lat' dir='ltr'>inter</span> <span class='ocrx_word' id='word_1_43' title='bbox 1435 945 1489 1039; x_wconf 90' lang='lat' dir='ltr'>se,</span> <span class='ocrx_word' id='word_1_44' title='bbox 1520 964 1654 1028; x_wconf 89' lang='lat' dir='ltr'>tamen</span> <span class='ocrx_word' id='word_1_45' title='bbox 1674 969 1752 1028; x_wconf 60' lang='lat' dir='ltr'>er·v</span> 
     </span>
    </p>
   </div>
   <div class='ocr_carea' id='block_1_4' title="bbox 174 1061 1737 1550">
    <p class='ocr_par' dir='ltr' id='par_1_4' title="bbox 174 1061 1737 1550">
     <span class='ocr_line' id='line_1_7' title="bbox 174 1061 1737 1176; baseline 0 -24"><span class='ocrx_word' id='word_1_46' title='bbox 174 1094 288 1153; x_wconf 87' lang='lat' dir='ltr'>rores</span> <span class='ocrx_word' id='word_1_47' title='bbox 312 1066 401 1149; x_wconf 91' lang='lat' dir='ltr'>sunt</span> <span class='ocrx_word' id='word_1_48' title='bbox 430 1065 534 1147; x_wconf 91' lang='lat' dir='ltr'>adeo</span> <span class='ocrx_word' id='word_1_49' title='bbox 565 1061 678 1175; x_wconf 90' lang='lat' dir='ltr'>parvi</span> <span class='ocrx_word' id='word_1_50' title='bbox 697 1083 742 1144; x_wconf 92' lang='lat' dir='ltr'>ut</span> <span class='ocrx_word' id='word_1_51' title='bbox 763 1065 971 1146; x_wconf 88' lang='lat' dir='ltr'>contemni</span> <span class='ocrx_word' id='word_1_52' title='bbox 993 1063 1155 1176; x_wconf 89' lang='lat' dir='ltr'>poffint.</span> <span class='ocrx_word' id='word_1_53' title='bbox 1212 1061 1267 1148; x_wconf 86' lang='lat' dir='ltr'>Et</span> <span class='ocrx_word' id='word_1_54' title='bbox 1298 1067 1338 1150; x_wconf 92' lang='lat' dir='ltr'>in</span> <span class='ocrx_word' id='word_1_55' title='bbox 1369 1069 1449 1150; x_wconf 91' lang='lat' dir='ltr'>hoc</span> <span class='ocrx_word' id='word_1_56' title='bbox 1484 1068 1737 1152; x_wconf 76' lang='lat' dir='ltr'>concordant</span> 
     </span>
     <span class='ocr_line' id='line_1_8' title="bbox 175 1182 1736 1303; baseline 0 -29"><span class='ocrx_word' id='word_1_57' title='bbox 175 1217 332 1287; x_wconf 91' lang='lat' dir='ltr'>omnes,</span> <span class='ocrx_word' id='word_1_58' title='bbox 366 1189 479 1301; x_wconf 89' lang='lat' dir='ltr'>quod</span> <span class='ocrx_word' id='word_1_59' title='bbox 508 1186 721 1270; x_wconf 90' lang='lat' dir='ltr'>isocbrona</span> <span class='ocrx_word' id='word_1_60' title='bbox 755 1185 928 1296; x_wconf 89' lang='lat' dir='ltr'>pendula</span> <span class='ocrx_word' id='word_1_61' title='bbox 949 1187 1039 1271; x_wconf 92' lang='lat' dir='ltr'>sunt</span> <span class='ocrx_word' id='word_1_62' title='bbox 1070 1189 1258 1272; x_wconf 88' lang='lat' dir='ltr'>breviora</span> <span class='ocrx_word' id='word_1_63' title='bbox 1286 1191 1356 1274; x_wconf 92' lang='lat' dir='ltr'>sub</span> <span class='ocrx_word' id='word_1_64' title='bbox 1379 1182 1586 1302; x_wconf 88' lang='lat' dir='ltr'>aequatore</span> <span class='ocrx_word' id='word_1_65' title='bbox 1613 1218 1736 1303; x_wconf 91' lang='lat' dir='ltr'>quam</span> 
     </span>
     <span class='ocr_line' id='line_1_9' title="bbox 174 1306 1736 1418; baseline -0.001 -20"><span class='ocrx_word' id='word_1_66' title='bbox 174 1318 225 1400; x_wconf 65' lang='lat' dir='ltr'>in⁴</span> <span class='ocrx_word' id='word_1_67' title='bbox 250 1312 526 1399; x_wconf 88' lang='lat' dir='ltr'>observatorio</span> <span class='ocrx_word' id='word_1_68' title='bbox 554 1309 669 1418; x_wconf 89' lang='lat' dir='ltr'>regio</span> <span class='ocrx_word' id='word_1_69' title='bbox 697 1306 915 1407; x_wconf 46' lang='lat' dir='ltr'>Parisrenstss</span> <span class='ocrx_word' id='word_1_70' title='bbox 964 1310 1160 1396; x_wconf 82' lang='lat' dir='ltr'>exiliente</span> <span class='ocrx_word' id='word_1_71' title='bbox 1192 1310 1420 1397; x_wconf 89' lang='lat' dir='ltr'>differentia</span> <span class='ocrx_word' id='word_1_72' title='bbox 1457 1342 1538 1398; x_wconf 94' lang='lat' dir='ltr'>non</span> <span class='ocrx_word' id='word_1_73' title='bbox 1577 1319 1736 1398; x_wconf 91' lang='lat' dir='ltr'>minore</span> 
     </span>
     <span class='ocr_line' id='line_1_10' title="bbox 174 1433 1736 1550; baseline -0.004 -28"><span class='ocrx_word' id='word_1_74' title='bbox 174 1466 296 1550; x_wconf 88' lang='lat' dir='ltr'>quarn</span> <span class='ocrx_word' id='word_1_75' title='bbox 324 1441 440 1523; x_wconf 88' lang='lat' dir='ltr'>lineae</span> <span class='ocrx_word' id='word_1_76' title='bbox 473 1435 590 1520; x_wconf 90' lang='lat' dir='ltr'>unius</span> <span class='ocrx_word' id='word_1_77' title='bbox 619 1459 714 1516; x_wconf 93' lang='lat' dir='ltr'>cum</span> <span class='ocrx_word' id='word_1_78' title='bbox 741 1433 981 1544; x_wconf 84' lang='lat' dir='ltr'>quadrante,</span> <span class='ocrx_word' id='word_1_79' title='bbox 1009 1457 1093 1519; x_wconf 89' lang='lat' dir='ltr'>non</span> <span class='ocrx_word' id='word_1_80' title='bbox 1124 1435 1275 1542; x_wconf 87' lang='lat' dir='ltr'>majore</span> <span class='ocrx_word' id='word_1_81' title='bbox 1302 1463 1425 1548; x_wconf 91' lang='lat' dir='ltr'>quam</span> <span class='ocrx_word' id='word_1_82' title='bbox 1457 1440 1652 1526; x_wconf 90' lang='lat' dir='ltr'>linearum</span> <span class='ocrx_word' id='word_1_83' title='bbox 1677 1441 1736 1541; x_wconf 43' lang='lat'>23</span> 
     </span>
    </p>
   </div>
   <div class='ocr_carea' id='block_1_5' title="bbox 1794 459 1922 520">
    <p class='ocr_par' dir='ltr' id='par_1_5' title="bbox 1794 459 1922 520">
     <span class='ocr_line' id='line_1_11' title="bbox 1794 459 1922 520; baseline 0.008 -1"><span class='ocrx_word' id='word_1_84' title='bbox 1794 459 1922 520; x_wconf 72' lang='lat' dir='ltr'>Lrazu</span> 
     </span>
    </p>
   </div>
   <div class='ocr_carea' id='block_1_6' title="bbox 1747 543 1943 602">
    <p class='ocr_par' dir='ltr' id='par_1_6' title="bbox 1747 543 1943 602">
     <span class='ocr_line' id='line_1_12' title="bbox 1747 543 1943 602; baseline -0.02 -1"><span class='ocrx_word' id='word_1_85' title='bbox 1747 543 1943 602; x_wconf 65' lang='lat' dir='ltr'>Taetrum</span> 
     </span>
    </p>
   </div>
   <div class='ocr_carea' id='block_1_7' title="bbox 172 1555 1853 1675">
    <p class='ocr_par' dir='ltr' id='par_1_7' title="bbox 172 1555 1853 1675">
     <span class='ocr_line' id='line_1_13' title="bbox 172 1555 1853 1675; baseline -0.001 -26"><span class='ocrx_word' id='word_1_86' title='bbox 172 1563 256 1649; x_wconf 90' lang='lat' dir='ltr'>Per</span> <span class='ocrx_word' id='word_1_87' title='bbox 275 1563 570 1646; x_wconf 87' lang='lat' dir='ltr'>observationes</span> <span class='ocrx_word' id='word_1_88' title='bbox 588 1557 642 1641; x_wconf 93' lang='lat' dir='ltr'>D.</span> <span class='ocrx_word' id='word_1_89' title='bbox 659 1557 829 1639; x_wconf 85' lang='lat' dir='ltr'>Richeri</span> <span class='ocrx_word' id='word_1_90' title='bbox 856 1558 897 1640; x_wconf 95' lang='lat' dir='ltr'>in</span> <span class='ocrx_word' id='word_1_91' title='bbox 922 1557 1101 1662; x_wconf 80' lang='lat' dir='ltr'>Cayenna</span> <span class='ocrx_word' id='word_1_92' title='bbox 1129 1555 1248 1643; x_wconf 75' lang='lat' dir='ltr'>sadias</span> <span class='ocrx_word' id='word_1_93' title='bbox 1269 1557 1496 1646; x_wconf 85' lang='lat' dir='ltr'>differentia</span> <span class='ocrx_word' id='word_1_94' title='bbox 1514 1563 1589 1646; x_wconf 92' lang='lat' dir='ltr'>suit</span> <span class='ocrx_word' id='word_1_95' title='bbox 1618 1565 1735 1648; x_wconf 87' lang='lat' dir='ltr'>lineae</span> <span class='ocrx_word' id='word_1_96' title='bbox 1757 1669 1760 1675; x_wconf 20' lang='grc'>1</span> <span class='ocrx_word' id='word_1_97' title='bbox 1851 1653 1853 1659; x_wconf 71' lang='grc'>,</span> 
     </span>
    </p>
   </div>
   <div class='ocr_carea' id='block_1_8' title="bbox 173 1678 1740 3159">
    <p class='ocr_par' dir='ltr' id='par_1_8' title="bbox 173 1678 1739 2514">
     <span class='ocr_line' id='line_1_14' title="bbox 174 1678 1735 1796; baseline 0 -26"><span class='ocrx_word' id='word_1_98' title='bbox 174 1689 292 1772; x_wconf 88' lang='lat' dir='ltr'>unius</span> <span class='ocrx_word' id='word_1_99' title='bbox 316 1712 411 1771; x_wconf 90' lang='lat' dir='ltr'>cum</span> <span class='ocrx_word' id='word_1_100' title='bbox 439 1685 675 1796; x_wconf 88' lang='lat' dir='ltr'>quadrante.</span> <span class='ocrx_word' id='word_1_101' title='bbox 741 1678 821 1763; x_wconf 89' lang='lat' dir='ltr'>Per</span> <span class='ocrx_word' id='word_1_102' title='bbox 846 1706 910 1763; x_wconf 81' lang='lat' dir='ltr'>eas</span> <span class='ocrx_word' id='word_1_103' title='bbox 937 1679 990 1764; x_wconf 94' lang='lat' dir='ltr'>D.</span> <span class='ocrx_word' id='word_1_104' title='bbox 1022 1683 1115 1764; x_wconf 75' lang='lat' dir='ltr'>Des</span> <span class='ocrx_word' id='word_1_105' title='bbox 1141 1681 1274 1783; x_wconf 84' lang='lat' dir='ltr'>Hayes</span> <span class='ocrx_word' id='word_1_106' title='bbox 1296 1679 1524 1768; x_wconf 86' lang='lat' dir='ltr'>differentia</span> <span class='ocrx_word' id='word_1_107' title='bbox 1553 1685 1617 1770; x_wconf 91' lang='lat' dir='ltr'>illa</span> <span class='ocrx_word' id='word_1_108' title='bbox 1643 1714 1735 1770; x_wconf 90' lang='lat' dir='ltr'>cor·</span> 
     </span>
     <span class='ocr_line' id='line_1_15' title="bbox 173 1802 1737 1922; baseline -0.002 -25"><span class='ocrx_word' id='word_1_109' title='bbox 173 1811 281 1897; x_wconf 73' lang='lat' dir='ltr'>rosia</span> <span class='ocrx_word' id='word_1_110' title='bbox 303 1809 456 1922; x_wconf 91' lang='lat' dir='ltr'>prodiit</span> <span class='ocrx_word' id='word_1_111' title='bbox 477 1809 594 1892; x_wconf 88' lang='lat' dir='ltr'>lineae</span> <span class='ocrx_word' id='word_1_112' title='bbox 616 1803 734 1886; x_wconf 88' lang='lat' dir='ltr'>unius</span> <span class='ocrx_word' id='word_1_113' title='bbox 759 1827 855 1885; x_wconf 91' lang='lat' dir='ltr'>cum</span> <span class='ocrx_word' id='word_1_114' title='bbox 887 1802 1040 1888; x_wconf 87' lang='lat' dir='ltr'>semisse</span> <span class='ocrx_word' id='word_1_115' title='bbox 1070 1807 1135 1890; x_wconf 84' lang='lat' dir='ltr'>uel</span> <span class='ocrx_word' id='word_1_116' title='bbox 1161 1808 1278 1890; x_wconf 88' lang='lat' dir='ltr'>unius</span> <span class='ocrx_word' id='word_1_117' title='bbox 1310 1833 1406 1890; x_wconf 90' lang='lat' dir='ltr'>cum</span> <span class='ocrx_word' id='word_1_118' title='bbox 1439 1808 1565 1893; x_wconf 86' lang='lat' dir='ltr'>tribus</span> <span class='ocrx_word' id='word_1_119' title='bbox 1583 1812 1737 1920; x_wconf 81' lang='lat' dir='ltr'>quartis</span> 
     </span>
     <span class='ocr_line' id='line_1_16' title="bbox 173 1927 1737 2049; baseline -0.001 -27"><span class='ocrx_word' id='word_1_120' title='bbox 173 1938 352 2049; x_wconf 91' lang='lat' dir='ltr'>partibus</span> <span class='ocrx_word' id='word_1_121' title='bbox 386 1935 513 2017; x_wconf 85' lang='lat' dir='ltr'>lineae.</span> <span class='ocrx_word' id='word_1_122' title='bbox 576 1929 656 2014; x_wconf 89' lang='lat' dir='ltr'>Per</span> <span class='ocrx_word' id='word_1_123' title='bbox 681 1953 747 2011; x_wconf 88' lang='lat' dir='ltr'>eas</span> <span class='ocrx_word' id='word_1_124' title='bbox 777 1927 947 2012; x_wconf 88' lang='lat' dir='ltr'>aliorum</span> <span class='ocrx_word' id='word_1_125' title='bbox 981 1931 1113 2014; x_wconf 89' lang='lat' dir='ltr'>minus</span> <span class='ocrx_word' id='word_1_126' title='bbox 1151 1951 1356 2015; x_wconf 89' lang='lat' dir='ltr'>accuratas</span> <span class='ocrx_word' id='word_1_127' title='bbox 1398 1931 1552 2042; x_wconf 91' lang='lat' dir='ltr'>prodiit</span> <span class='ocrx_word' id='word_1_128' title='bbox 1594 1937 1737 2020; x_wconf 88' lang='lat' dir='ltr'>eadem</span> 
     </span>
     <span class='ocr_line' id='line_1_17' title="bbox 174 2045 1739 2174; baseline -0.003 -29"><span class='ocrx_word' id='word_1_129' title='bbox 174 2060 483 2174; x_wconf 90' lang='lat' dir='ltr'>quali-duarum</span> <span class='ocrx_word' id='word_1_130' title='bbox 510 2055 718 2137; x_wconf 86' lang='lat' dir='ltr'>linearum.</span> <span class='ocrx_word' id='word_1_131' title='bbox 772 2045 828 2133; x_wconf 91' lang='lat' dir='ltr'>Et</span> <span class='ocrx_word' id='word_1_132' title='bbox 861 2052 948 2135; x_wconf 88' lang='lat' dir='ltr'>haec</span> <span class='ocrx_word' id='word_1_133' title='bbox 979 2052 1244 2164; x_wconf 87' lang='lat' dir='ltr'>discrepantia</span> <span class='ocrx_word' id='word_1_134' title='bbox 1278 2054 1423 2165; x_wconf 91' lang='lat' dir='ltr'>partim</span> <span class='ocrx_word' id='word_1_135' title='bbox 1452 2054 1500 2138; x_wconf 88' lang='lat' dir='ltr'>ab</span> <span class='ocrx_word' id='word_1_136' title='bbox 1535 2059 1739 2141; x_wconf 87' lang='lat' dir='ltr'>erroribus</span> 
     </span>
     <span class='ocr_line' id='line_1_18' title="bbox 174 2173 1735 2287; baseline -0.005 -15"><span class='ocrx_word' id='word_1_137' title='bbox 174 2183 517 2272; x_wconf 87' lang='lat' dir='ltr'>observationum,</span> <span class='ocrx_word' id='word_1_138' title='bbox 542 2177 689 2287; x_wconf 89' lang='lat' dir='ltr'>partim</span> <span class='ocrx_word' id='word_1_139' title='bbox 713 2201 735 2254; x_wconf 95' lang='lat' dir='ltr'>a</span> <span class='ocrx_word' id='word_1_140' title='bbox 755 2173 1078 2260; x_wconf 77' lang='lat' dir='ltr'>dissimilitudine</span> <span class='ocrx_word' id='word_1_141' title='bbox 1100 2181 1274 2287; x_wconf 91' lang='lat' dir='ltr'>partium</span> <span class='ocrx_word' id='word_1_142' title='bbox 1294 2181 1542 2264; x_wconf 88' lang='lat' dir='ltr'>internarum</span> <span class='ocrx_word' id='word_1_143' title='bbox 1564 2181 1735 2266; x_wconf 86' lang='lat' dir='ltr'>terrae&amp;</span> 
     </span>
     <span class='ocr_line' id='line_1_19' title="bbox 176 2293 1735 2414; baseline -0.004 -20"><span class='ocrx_word' id='word_1_144' title='bbox 176 2305 390 2394; x_wconf 89' lang='lat' dir='ltr'>altitudine</span> <span class='ocrx_word' id='word_1_145' title='bbox 417 2300 635 2394; x_wconf 86' lang='lat' dir='ltr'>montium,</span> <span class='ocrx_word' id='word_1_146' title='bbox 676 2293 717 2378; x_wconf 71' lang='grc' dir='ltr'><strong>ἃ</strong></span> <span class='ocrx_word' id='word_1_147' title='bbox 751 2296 899 2411; x_wconf 86' lang='lat' dir='ltr'>partim</span> <span class='ocrx_word' id='word_1_148' title='bbox 926 2323 948 2380; x_wconf 91' lang='lat' dir='ltr'>a</span> <span class='ocrx_word' id='word_1_149' title='bbox 975 2297 1138 2383; x_wconf 83' lang='lat' dir='ltr'>diversis</span> <span class='ocrx_word' id='word_1_150' title='bbox 1165 2301 1265 2384; x_wconf 84' lang='lat' dir='ltr'>a&#39;e&#39;ris</span> <span class='ocrx_word' id='word_1_151' title='bbox 1288 2300 1501 2397; x_wconf 85' lang='lat' dir='ltr'>caloribus,</span> <span class='ocrx_word' id='word_1_152' title='bbox 1537 2304 1735 2414; x_wconf 87' lang='lat' dir='ltr'>oriripo·</span> 
     </span>
     <span class='ocr_line' id='line_1_20' title="bbox 176 2431 266 2514; baseline -0.044 0"><span class='ocrx_word' id='word_1_153' title='bbox 176 2431 266 2514; x_wconf 91' lang='lat' dir='ltr'>tuit.</span> 
     </span>
    </p>

    <p class='ocr_par' dir='ltr' id='par_1_9' title="bbox 174 2543 1740 3159">
     <span class='ocr_line' id='line_1_21' title="bbox 230 2543 1736 2665; baseline 0.002 -28"><span class='ocrx_word' id='word_1_154' title='bbox 230 2553 359 2662; x_wconf 89' lang='lat' dir='ltr'>Virga</span> <span class='ocrx_word' id='word_1_155' title='bbox 374 2550 504 2634; x_wconf 88' lang='lat' dir='ltr'>ferrea</span> <span class='ocrx_word' id='word_1_156' title='bbox 523 2543 648 2654; x_wconf 91' lang='lat' dir='ltr'>pedes</span> <span class='ocrx_word' id='word_1_157' title='bbox 669 2562 750 2627; x_wconf 85' lang='lat' dir='ltr'>tres</span> <span class='ocrx_word' id='word_1_158' title='bbox 768 2545 901 2653; x_wconf 89' lang='lat' dir='ltr'>longa,</span> <span class='ocrx_word' id='word_1_159' title='bbox 930 2565 1115 2660; x_wconf 85' lang='lat' dir='ltr'>tempore</span> <span class='ocrx_word' id='word_1_160' title='bbox 1135 2549 1375 2662; x_wconf 90' lang='lat' dir='ltr'>hybernoin</span> <span class='ocrx_word' id='word_1_161' title='bbox 1393 2551 1557 2665; x_wconf 85' lang='lat' dir='ltr'>Anglia‚</span> <span class='ocrx_word' id='word_1_162' title='bbox 1572 2555 1736 2639; x_wconf 88' lang='lat' dir='ltr'>brevior</span> 
     </span>
     <span class='ocr_line' id='line_1_22' title="bbox 175 2667 1735 2790; baseline -0.001 -28"><span class='ocrx_word' id='word_1_163' title='bbox 175 2681 234 2766; x_wconf 89' lang='lat' dir='ltr'>est</span> <span class='ocrx_word' id='word_1_164' title='bbox 254 2703 375 2790; x_wconf 89' lang='lat' dir='ltr'>quarn</span> <span class='ocrx_word' id='word_1_165' title='bbox 404 2693 592 2780; x_wconf 91' lang='lat' dir='ltr'>ternpore</span> <span class='ocrx_word' id='word_1_166' title='bbox 612 2667 902 2764; x_wconf 84' lang='lat' dir='ltr'>aettiv0‚.sexra</span> <span class='ocrx_word' id='word_1_167' title='bbox 934 2692 1049 2780; x_wconf 87' lang='lat' dir='ltr'>parte</span> <span class='ocrx_word' id='word_1_168' title='bbox 1075 2676 1191 2760; x_wconf 85' lang='lat' dir='ltr'>lineae</span> <span class='ocrx_word' id='word_1_169' title='bbox 1219 2675 1348 2770; x_wconf 85' lang='lat' dir='ltr'>uniue,</span> <span class='ocrx_word' id='word_1_170' title='bbox 1376 2679 1735 2788; x_wconf 85' lang='lat' dir='ltr'>quantumsentio.</span> 
     </span>
     <span class='ocr_line' id='line_1_23' title="bbox 174 2790 1738 2907; baseline 0.001 -22"><span class='ocrx_word' id='word_1_171' title='bbox 174 2802 245 2885; x_wconf 91' lang='lat' dir='ltr'>Ob</span> <span class='ocrx_word' id='word_1_172' title='bbox 267 2799 419 2881; x_wconf 90' lang='lat' dir='ltr'>calores</span> <span class='ocrx_word' id='word_1_173' title='bbox 445 2791 516 2876; x_wconf 87' lang='lat' dir='ltr'>sub</span> <span class='ocrx_word' id='word_1_174' title='bbox 537 2811 744 2902; x_wconf 83' lang='lat' dir='ltr'>aequatore</span> <span class='ocrx_word' id='word_1_175' title='bbox 769 2790 972 2877; x_wconf 88' lang='lat' dir='ltr'>auferatur</span> <span class='ocrx_word' id='word_1_176' title='bbox 1000 2795 1087 2880; x_wconf 83' lang='lat' dir='ltr'>haec</span> <span class='ocrx_word' id='word_1_177' title='bbox 1113 2796 1312 2907; x_wconf 86' lang='lat' dir='ltr'>quantitas</span> <span class='ocrx_word' id='word_1_178' title='bbox 1347 2796 1400 2880; x_wconf 94' lang='lat' dir='ltr'>de</span> <span class='ocrx_word' id='word_1_179' title='bbox 1435 2795 1664 2883; x_wconf 87' lang='lat' dir='ltr'>differentia</span> <span class='ocrx_word' id='word_1_180' title='bbox 1691 2801 1738 2886; x_wconf 93' lang='lat' dir='ltr'>li·</span> 
     </span>
     <span class='ocr_line' id='line_1_24' title="bbox 175 2913 1738 3025; baseline -0.003 -17"><span class='ocrx_word' id='word_1_181' title='bbox 175 2947 263 3009; x_wconf 86' lang='lat' dir='ltr'>neae</span> <span class='ocrx_word' id='word_1_182' title='bbox 290 2921 524 3003; x_wconf 86' lang='lat' dir='ltr'>uniuscum</span> <span class='ocrx_word' id='word_1_183' title='bbox 544 2913 767 3025; x_wconf 84' lang='lat' dir='ltr'>quadrante</span> <span class='ocrx_word' id='word_1_184' title='bbox 785 2942 811 2996; x_wconf 90' lang='lat' dir='ltr'>a</span> <span class='ocrx_word' id='word_1_185' title='bbox 827 2916 997 3000; x_wconf 85' lang='lat' dir='ltr'>Richero</span> <span class='ocrx_word' id='word_1_186' title='bbox 1016 2919 1237 3015; x_wconf 90' lang='lat' dir='ltr'>observata,</span> <span class='ocrx_word' id='word_1_187' title='bbox 1263 2917 1305 3002; x_wconf 73' lang='grc' dir='ltr'>ἃ</span> <span class='ocrx_word' id='word_1_188' title='bbox 1328 2921 1505 3004; x_wconf 86' lang='lat' dir='ltr'>manebit</span> <span class='ocrx_word' id='word_1_189' title='bbox 1524 2922 1625 3005; x_wconf 89' lang='lat' dir='ltr'>linea</span> <span class='ocrx_word' id='word_1_190' title='bbox 1648 2936 1714 3015; x_wconf 60' lang='lat' dir='ltr'>1-.-&#39;r</span> <span class='ocrx_word' id='word_1_191' title='bbox 1724 2954 1738 3010; x_wconf 77' lang='lat'>·:</span> 
     </span>
     <span class='ocr_line' id='line_1_25' title="bbox 175 3038 1740 3159; baseline -0.003 -30"><span class='ocrx_word' id='word_1_192' title='bbox 175 3073 268 3159; x_wconf 79' lang='lat' dir='ltr'>quae</span> <span class='ocrx_word' id='word_1_193' title='bbox 295 3067 389 3126; x_wconf 92' lang='lat' dir='ltr'>cum</span> <span class='ocrx_word' id='word_1_194' title='bbox 411 3040 515 3124; x_wconf 91' lang='lat' dir='ltr'>linea</span> <span class='ocrx_word' id='word_1_195' title='bbox 547 3043 660 3126; x_wconf 54' lang='lat' dir='ltr'>rel-Ze</span> <span class='ocrx_word' id='word_1_196' title='bbox 680 3063 752 3147; x_wconf 90' lang='lat' dir='ltr'>per</span> <span class='ocrx_word' id='word_1_197' title='bbox 780 3038 979 3124; x_wconf 89' lang='lat' dir='ltr'>theoriam</span> <span class='ocrx_word' id='word_1_198' title='bbox 1000 3042 1082 3150; x_wconf 89' lang='lat' dir='ltr'>jam</span> <span class='ocrx_word' id='word_1_199' title='bbox 1098 3063 1191 3126; x_wconf 88' lang='lat' dir='ltr'>ante</span> <span class='ocrx_word' id='word_1_200' title='bbox 1218 3043 1384 3126; x_wconf 79' lang='lat' dir='ltr'>colletla</span> <span class='ocrx_word' id='word_1_201' title='bbox 1412 3042 1540 3151; x_wconf 86' lang='lat' dir='ltr'>probe</span> <span class='ocrx_word' id='word_1_202' title='bbox 1561 3070 1740 3151; x_wconf 81' lang='lat' dir='ltr'>congru.</span> 
     </span>
    </p>
   </div>
   <div class='ocr_carea' id='block_1_9' title="bbox 175 3159 1829 3276">
    <p class='ocr_par' dir='ltr' id='par_1_10' title="bbox 175 3159 1829 3276">
     <span class='ocr_line' id='line_1_26' title="bbox 175 3159 1829 3276; baseline -0.005 -27"><span class='ocrx_word' id='word_1_203' title='bbox 175 3167 236 3254; x_wconf 92' lang='lat' dir='ltr'>it..</span> <span class='ocrx_word' id='word_1_204' title='bbox 279 3163 480 3250; x_wconf 84' lang='lat' dir='ltr'>Richerus</span> <span class='ocrx_word' id='word_1_205' title='bbox 507 3183 642 3247; x_wconf 87' lang='lat' dir='ltr'>autem</span> <span class='ocrx_word' id='word_1_206' title='bbox 673 3159 972 3248; x_wconf 79' lang='lat' dir='ltr'>observationes</span> <span class='ocrx_word' id='word_1_207' title='bbox 998 3165 1040 3250; x_wconf 93' lang='lat' dir='ltr'>in</span> <span class='ocrx_word' id='word_1_208' title='bbox 1070 3167 1250 3270; x_wconf 76' lang='lat' dir='ltr'>Cayerrna</span> <span class='ocrx_word' id='word_1_209' title='bbox 1274 3160 1405 3259; x_wconf 69' lang='lat' dir='ltr'>fades,</span> <span class='ocrx_word' id='word_1_210' title='bbox 1441 3164 1595 3273; x_wconf 86' lang='lat' dir='ltr'>fingulis</span> <span class='ocrx_word' id='word_1_211' title='bbox 1620 3167 1740 3276; x_wconf 80' lang='lat' dir='ltr'>septi.</span> <span class='ocrx_word' id='word_1_212' title='bbox 1824 3177 1829 3186; x_wconf 84' lang='lat'><em>&#39;</em></span> 
     </span>
    </p>
   </div>
   <div class='ocr_carea' id='block_1_10' title="bbox 174 3286 1740 3646">
    <p class='ocr_par' dir='ltr' id='par_1_11' title="bbox 174 3286 1740 3646">
     <span class='ocr_line' id='line_1_27' title="bbox 177 3286 1739 3399; baseline -0.001 -23"><span class='ocrx_word' id='word_1_213' title='bbox 177 3293 304 3376; x_wconf 87' lang='lat' dir='ltr'>manis</span> <span class='ocrx_word' id='word_1_214' title='bbox 331 3316 405 3399; x_wconf 89' lang='lat' dir='ltr'>per</span> <span class='ocrx_word' id='word_1_215' title='bbox 431 3286 586 3372; x_wconf 88' lang='lat' dir='ltr'>menses</span> <span class='ocrx_word' id='word_1_216' title='bbox 606 3287 752 3368; x_wconf 89' lang='lat' dir='ltr'>decem</span> <span class='ocrx_word' id='word_1_217' title='bbox 779 3288 954 3384; x_wconf 90' lang='lat' dir='ltr'>iteravit,</span> <span class='ocrx_word' id='word_1_218' title='bbox 989 3290 1032 3371; x_wconf 81' lang='grc' dir='ltr'>δι</span> <span class='ocrx_word' id='word_1_219' title='bbox 1061 3288 1345 3398; x_wconf 86' lang='lat' dir='ltr'>longitudines.</span> <span class='ocrx_word' id='word_1_220' title='bbox 1365 3286 1532 3396; x_wconf 90' lang='lat' dir='ltr'>penduli</span> <span class='ocrx_word' id='word_1_221' title='bbox 1555 3289 1602 3371; x_wconf 85' lang='lat' dir='ltr'>in:</span> <span class='ocrx_word' id='word_1_222' title='bbox 1627 3290 1739 3398; x_wconf 87' lang='lat' dir='ltr'>virga</span> 
     </span>
     <span class='ocr_line' id='line_1_28' title="bbox 174 3409 1740 3523; baseline 0.001 -24"><span class='ocrx_word' id='word_1_223' title='bbox 174 3417 307 3499; x_wconf 87' lang='lat' dir='ltr'>ferrea</span> <span class='ocrx_word' id='word_1_224' title='bbox 333 3412 389 3494; x_wconf 92' lang='lat' dir='ltr'>ibi</span> <span class='ocrx_word' id='word_1_225' title='bbox 409 3428 565 3494; x_wconf 90' lang='lat' dir='ltr'>notatas</span> <span class='ocrx_word' id='word_1_226' title='bbox 583 3435 679 3492; x_wconf 89' lang='lat' dir='ltr'>cum</span> <span class='ocrx_word' id='word_1_227' title='bbox 697 3409 1019 3518; x_wconf 86' lang='lat' dir='ltr'>longitudinibus</span> <span class='ocrx_word' id='word_1_228' title='bbox 1042 3413 1128 3523; x_wconf 77' lang='lat' dir='ltr'>eju-s</span> <span class='ocrx_word' id='word_1_229' title='bbox 1152 3417 1196 3497; x_wconf 93' lang='lat' dir='ltr'>in</span> <span class='ocrx_word' id='word_1_230' title='bbox 1222 3413 1363 3494; x_wconf 81' lang='lat' dir='ltr'>Gallia</span> <span class='ocrx_word' id='word_1_231' title='bbox 1387 3411 1564 3495; x_wconf 79' lang='lat' dir='ltr'>srmiliter</span> <span class='ocrx_word' id='word_1_232' title='bbox 1590 3417 1740 3502; x_wconf 87' lang='lat' dir='ltr'>notatis</span> 
     </span>
     <span class='ocr_line' id='line_1_29' title="bbox 176 3534 1738 3646; baseline -0.003 -23"><span class='ocrx_word' id='word_1_233' title='bbox 176 3535 362 3623; x_wconf 89' lang='lat' dir='ltr'>contulit.</span> <span class='ocrx_word' id='word_1_234' title='bbox 417 3536 525 3646; x_wconf 83' lang='lat' dir='ltr'>Quae</span> <span class='ocrx_word' id='word_1_235' title='bbox 551 3534 832 3642; x_wconf 84' lang='lat' dir='ltr'>diligentia&amp;</span> <span class='ocrx_word' id='word_1_236' title='bbox 858 3541 1009 3622; x_wconf 87' lang='lat' dir='ltr'>cautela</span> <span class='ocrx_word' id='word_1_237' title='bbox 1038 3541 1081 3625; x_wconf 94' lang='lat' dir='ltr'>in</span> <span class='ocrx_word' id='word_1_238' title='bbox 1111 3541 1195 3622; x_wconf 87' lang='lat' dir='ltr'>aliis</span> <span class='ocrx_word' id='word_1_239' title='bbox 1223 3537 1547 3622; x_wconf 90' lang='lat' dir='ltr'>observatoribus</span> <span class='ocrx_word' id='word_1_240' title='bbox 1568 3535 1738 3620; x_wconf 88' lang='lat' dir='ltr'>defuisse</span> 
     </span>
    </p>
   </div>
   <div class='ocr_carea' id='block_1_11' title="bbox 175 3656 1758 3898">
    <p class='ocr_par' dir='ltr' id='par_1_12' title="bbox 175 3656 1758 3898">
     <span class='ocr_line' id='line_1_30' title="bbox 175 3656 1755 3766; baseline -0.001 -20"><span class='ocrx_word' id='word_1_241' title='bbox 175 3664 352 3746; x_wconf 81' lang='lat' dir='ltr'>videtur.</span> <span class='ocrx_word' id='word_1_242' title='bbox 407 3657 449 3742; x_wconf 89' lang='lat' dir='ltr'>Si</span> <span class='ocrx_word' id='word_1_243' title='bbox 469 3656 585 3766; x_wconf 88' lang='lat' dir='ltr'>hujus</span> <span class='ocrx_word' id='word_1_244' title='bbox 607 3657 952 3745; x_wconf 87' lang='lat' dir='ltr'>observationibus</span> <span class='ocrx_word' id='word_1_245' title='bbox 972 3661 1185 3748; x_wconf 90' lang='lat' dir='ltr'>fidendum</span> <span class='ocrx_word' id='word_1_246' title='bbox 1211 3662 1282 3758; x_wconf 87' lang='lat' dir='ltr'>est,</span> <span class='ocrx_word' id='word_1_247' title='bbox 1310 3679 1416 3745; x_wconf 91' lang='lat' dir='ltr'>terra</span> <span class='ocrx_word' id='word_1_248' title='bbox 1438 3660 1556 3743; x_wconf 93' lang='lat' dir='ltr'>altior</span> <span class='ocrx_word' id='word_1_249' title='bbox 1579 3662 1655 3743; x_wconf 90' lang='lat' dir='ltr'>erit</span> <span class='ocrx_word' id='word_1_250' title='bbox 1685 3661 1755 3744; x_wconf 82' lang='lat' dir='ltr'>act.</span> 
     </span>
     <span class='ocr_line' id='line_1_31' title="bbox 178 3781 1758 3898; baseline -0.001 -29"><span class='ocrx_word' id='word_1_251' title='bbox 178 3806 424 3898; x_wconf 77' lang='lat' dir='ltr'>aquatorem</span> <span class='ocrx_word' id='word_1_252' title='bbox 444 3807 565 3895; x_wconf 88' lang='lat' dir='ltr'>quarn</span> <span class='ocrx_word' id='word_1_253' title='bbox 594 3783 645 3866; x_wconf 88' lang='lat' dir='ltr'>ad</span> <span class='ocrx_word' id='word_1_254' title='bbox 672 3783 788 3892; x_wconf 85' lang='lat' dir='ltr'>polos</span> <span class='ocrx_word' id='word_1_255' title='bbox 817 3781 977 3872; x_wconf 87' lang='lat' dir='ltr'>excessu</span> <span class='ocrx_word' id='word_1_256' title='bbox 1002 3787 1232 3874; x_wconf 89' lang='lat' dir='ltr'>milliarium</span> <span class='ocrx_word' id='word_1_257' title='bbox 1256 3782 1533 3894; x_wconf 87' lang='lat' dir='ltr'>septendecim</span> <span class='ocrx_word' id='word_1_258' title='bbox 1561 3782 1758 3884; x_wconf 90' lang='lat' dir='ltr'>circiter‚..</span> 
     </span>
    </p>
   </div>
   <div class='ocr_carea' id='block_1_12' title="bbox 178 3907 863 4019">
    <p class='ocr_par' dir='ltr' id='par_1_13' title="bbox 178 3907 863 4019">
     <span class='ocr_line' id='line_1_32' title="bbox 178 3907 863 4019; baseline 0.012 -29"><span class='ocrx_word' id='word_1_259' title='bbox 178 3909 356 4019; x_wconf 88' lang='lat' dir='ltr'>utsupra</span> <span class='ocrx_word' id='word_1_260' title='bbox 383 3933 456 4019; x_wconf 86' lang='lat' dir='ltr'>per</span> <span class='ocrx_word' id='word_1_261' title='bbox 476 3907 674 3994; x_wconf 86' lang='lat' dir='ltr'>theoriam</span> <span class='ocrx_word' id='word_1_262' title='bbox 694 3909 863 4018; x_wconf 80' lang='lat' dir='ltr'>prodiit.</span> 
     </span>
    </p>
   </div>
   <div class='ocr_carea' id='block_1_13' title="bbox 0 0 2181 5646">
    <p class='ocr_par' dir='ltr' id='par_1_14' title="bbox 0 0 2181 5646">
     <span class='ocr_line' id='line_1_33' title="bbox 0 0 2181 5646; baseline 0 0"><span class='ocrx_word' id='word_1_263' title='bbox 0 0 2181 5646; x_wconf 95' lang='lat' dir='ltr'> </span> 
     </span>
    </p>
   </div>
  </div>
 </body>
</html>
