4450 5674
965 287 1489 394 EDITORIS

435 480 622 574 tempore
640 459 872 576 periodico,
904 480 992 553 tum
1014 466 1198 554 distantia
1216 468 1301 578 ejus
1320 497 1343 554 a
1360 489 1506 556 centro
1521 487 1652 554 terrae.
1673 468 1856 582 Spanum
1870 470 2025 582 potres

433 591 516 674 tius
546 588 752 675 invenitur
773 615 846 700 per
871 594 1150 706 experimenta
1170 597 1457 706 pendulorum,
1484 596 1836 710 quemadmodum
1856 597 2022 687 docuit

434 712 657 828 Hagenius.
712 711 819 800 lnito
838 716 975 830 itaque
993 721 1166 816 calculo,
1194 719 1365 829 spatium
1393 721 1503 832 prius
1528 720 1580 807 ad
1599 720 1768 833 spatium
1791 719 2022 832 posterius,

434 841 503 938 seu
527 842 584 926 vis
606 839 832 951 centripeta
852 841 958 927 lunae
982 845 1024 927 in
1044 844 1176 928 orbita
1197 843 1265 927 sua
1291 846 1538 929 revolventis
1560 845 1610 929 ad
1629 847 1712 930 vim
1729 847 1934 955 grauitatis
1960 847 2017 930 in

436 965 648 1077 superficie
688 987 830 1061 terrae,
871 957 958 1051 erit
981 988 1027 1052 ut
1050 967 1294 1079 quadratum
1315 967 1611 1053 semidiametri
1632 989 1752 1055 terrae
1785 970 1837 1054 ad
1857 970 2017 1054 orbirae

436 1093 725 1184 semidiametri
747 1090 1006 1202 quadratum.
1065 1091 1251 1178 Eandem
1278 1093 1398 1177 habet
1421 1095 1637 1195 rationem,
1665 1121 1738 1207 per
1763 1123 1809 1180 ea
1829 1119 1922 1208 quae
1941 1095 2016 1179 su-

436 1219 572 1330 petius
592 1215 875 1312 ostenduntur,
904 1217 961 1301 vis
985 1219 1215 1328 centripeta
1239 1219 1344 1302 lunae
1364 1219 1405 1302 in
1431 1218 1563 1303 orbita
1582 1219 1649 1304 sua
1674 1220 1921 1304 revolventis
1950 1221 2013 1303 ad

436 1345 522 1426 uim
545 1346 654 1428 lunae
673 1343 940 1452 centripetam
969 1365 1098 1452 prope
1121 1362 1241 1428 terrae
1262 1339 1530 1452 superficiem.
1586 1340 1661 1427 Vis
1687 1343 1826 1456 itaque
1851 1340 2026 1426 centri--

439 1492 532 1584 peta
553 1493 680 1580 prope
692 1484 814 1550 -terrae
833 1465 1085 1574 superficiem
1107 1465 1267 1578 aqualis
1287 1465 1345 1548 ell
1365 1467 1404 1549 vi
1426 1465 1644 1574 gravitatis.
1700 1465 1798 1552 Non
1817 1491 1918 1577 ergo
1943 1466 2013 1550 di·

441 1594 565 1678 versae
585 1593 675 1677 sunt
690 1591 811 1687 vires,
835 1588 1000 1674 seduna
1021 1608 1144 1700 atque
1174 1589 1341 1674 eadem:
1371 1587 1529 1676 lilenim
1549 1590 1718 1676 diuersae
1739 1591 1886 1688 ellent,
1912 1618 2011 1677 cor·

443 1743 543 1830 pora
569 1715 720 1803 viribus
741 1712 966 1822 conjunclis
987 1711 1116 1824 duplo
1142 1715 1313 1798 celerius
1341 1714 1555 1800 interram
1581 1714 1779 1800 caderent
1796 1741 1921 1830 quam
1951 1743 2021 1802 err.

443 1844 483 1930 vi
511 1841 592 1928 sola
620 1838 837 1948 gravitatis.
893 1836 1061 1922 Constat
1095 1839 1219 1947 igitur
1238 1840 1321 1924 rim
1350 1841 1458 1938 illam
1486 1841 1771 1952 centripetam‚
1802 1865 1884 1952 qua
1912 1843 2025 1924 luna.

441 1985 644 2080 perpetuo
672 1963 725 2046 de
750 1980 942 2068 tangente
970 1963 1035 2046 vel
1057 1961 1228 2046 trahitur
1248 1968 1311 2046 vel
1331 1963 1555 2074 impellitur
1579 1963 1622 2047 dr
1641 1965 1682 2050 in
1702 1966 1836 2050 orbita
1858 1966 2009 2048 retine·

444 2115 525 2190 tur,
543 2089 667 2201 ipsam
683 2085 762 2172 elle
782 2086 865 2174 vitu
887 2086 1092 2195 gravitatis
1109 2085 1305 2172 terrestris
1323 2087 1374 2172 ad
1396 2090 1531 2172 lunam
1546 2088 1672 2201 usque
1691 2091 2023 2199 pertingentem..

442 2214 499 2318 Et
519 2215 667 2305 rationi
686 2211 853 2324 quidem
868 2209 1184 2310 consentaneum
1204 2210 1261 2297 est
1280 2230 1327 2297 ut
1342 2213 1401 2298 ad
1415 2213 1602 2324 ingentes
1620 2213 1822 2300 dillantias
1842 2215 1908 2301 tlla
1927 2213 1989 2299 ses
2019 2257 2025 2264 ·

443 2347 571 2444 uirtus
603 2338 820 2435 extendat,
856 2361 952 2434 cum
972 2337 1124 2426 nullam
1148 2335 1233 2444 ejus
1257 2339 1479 2424 senlibilenr
1500 2339 1847 2434 imminutionem,
1875 2341 1943 2426 vel
1965 2340 2023 2426 im

444 2467 639 2566 altilfimis
664 2465 868 2553 montium
894 2461 1194 2559 cacuminibus,
1235 2461 1449 2547 observare
1484 2465 1592 2548 licet.
1650 2463 1839 2549 Grauitat
1872 2466 2026 2580 iraque·

441 2593 591 2694 luneio
607 2610 779 2692 terram:
807 2587 909 2698 quin
927 2583 971 2670 δι
992 2581 1153 2675 afflone
1170 2600 1325 2682 mutua,
1345 2605 1451 2670 terra
1466 2586 1637 2674 vicilsrm
1656 2589 1699 2673 in
1719 2590 1855 2675 lunatn
1875 2615 2012 2703 aequa»

444 2723 538 2811 liter
558 2717 757 2832 gratitat:¹
788 2711 833 2801 id
857 2711 973 2825 quod
1001 2708 1164 2798 abunde
1190 2709 1361 2821 quidem
1384 2711 1651 2803 confirmatur
1670 2713 1712 2798 in
1742 2714 1817 2798 hac
1836 2715 2012 2826 philolo·

444 2851 559 2963 phin,
578 2845 649 2937 ubi
664 2843 797 2951 agitur
824 2838 877 2929 de
898 2837 1017 2939 maris
1036 2835 1134 2925 ullu
1149 2833 1192 2922 δι
1209 2837 1549 2948 aequinodliorum
1565 2837 1842 2947 praecisione,
1873 2841 1923 2926 ab
1946 2867 2013 2926 ac·

448 2978 563 3068 aione
584 2991 673 3065 rum
700 2966 807 3060 lunae
825 2961 1023 3060 tumlolis
1041 2961 1084 3047 iu
1104 2981 1255 3049 terram
1272 2962 1484 3048 oriundus.
1535 2961 1656 3048 Hinc
1668 2962 1713 3051 dc
1727 2965 1826 3048 illud
1847 2967 2028 3056 tandem

448 3103 689 3197 edocemur,
715 3116 796 3204 qua
810 3079 1005 3182 nimirum
1024 3087 1114 3196 lege
1135 3085 1194 3171 vis
1213 3087 1419 3195 gravitatis
1439 3088 1650 3174 decrescat
1679 3090 1722 3174 in
1745 3089 1962 3199 majoribus
1989 3123 2027 3182 a·

448 3233 593 3321 tellure
619 3219 826 3313 distantiis.
883 3216 990 3305 Nam
1013 3241 1110 3302 cum
1131 3216 1305 3324 grauitas
1333 3241 1417 3302 non
1448 3217 1606 3302 diversa
1624 3217 1713 3302 fita
1739 3221 1780 3304 vi
1812 3209 2015 3338 'centripea
2103 3271 2105 3274 -

450 3377 491 3442 ta
514 3352 656 3450 lunari,
683 3349 773 3434 haec
796 3370 897 3432 uero
928 3344 972 3427 su
992 3342 1207 3453 reciproce
1228 3341 1551 3452 proportionalis⁴
1566 3341 1767 3456 quadrato
1794 3343 2028 3449 distantiae3.

452 3483 702 3573 diminuetur
727 3475 770 3560 ur
788 3471 964 3582 gravitas
984 3469 1027 3554 in
1053 3467 1198 3554 eadem
1223 3466 1394 3557 tatione.

507 3600 824 3712 Progrediamur
851 3593 933 3702 jam
965 3591 1017 3678 ad
1050 3593 1229 3700 planetas
1257 3594 1454 3704 reliquos..
1501 3591 1711 3702 Quoniam
1741 3593 2035 3677 revolutioneu

451 3728 740 3846 primariorum
768 3720 878 3804 circa
896 3717 1022 3802 solem
1046 3713 1442 3800 &secundariorum
1463 3717 1572 3800 circa
1592 3715 1732 3825 jovem
1753 3717 2032 3806 &saturnum

453 3857 544 3946 sunt
567 3852 837 3962 phaenonaena
863 3839 1022 3951 generis
1052 3836 1233 3946 ejusdem
1266 3866 1311 3923 ac
1338 3839 1544 3925 revolutio
1577 3841 1684 3926 lunae
1713 3843 1821 3925 circa
1852 3860 2016 3942 terram.

454 3978 649 4096 quoniam
671 3997 808 4086 porro
819 3964 1139 4056 demonstratum
1160 3963 1222 4048 est
1242 3966 1347 4051 vires
1374 3965 1620 4076 centripetaa
1645 3967 1932 4077 primariorum
1959 3967 2021 4052 di·

456 4108 534 4220 rigi
558 4101 694 4192 uersus
720 4115 909 4186 centrum
938 4095 1044 4190 solis,
1070 4090 1405 4181 secundariorum
1434 4093 1571 4179 uersus
1597 4113 1738 4180 centra
1762 4093 1867 4200 jovis
1896 4091 1942 4176 dc
1966 4092 2022 4180 la·

457 4239 582 4335 turni,
609 4223 961 4347 quemadmodum
990 4223 1098 4307 lunae
1118 4221 1177 4306 vis
1205 4220 1583 4333 centripetavetlus
1604 4241 1724 4304 terrae
1744 4239 1933 4306 centrum
1962 4221 2022 4305 di·
2209 4219 2210 4306 l

459 4363 604 4472 rigitur
620 4398 631 4456 a
660 4356 815 4453 adhaec,
832 4352 1027 4469 quoniam
1050 4373 1192 4432 omnes
1206 4349 1284 4434 illae
1298 4353 1404 4436 vires
1423 4345 1513 4432 sunt
1527 4346 1740 4456 reciproce
1760 4366 1806 4428 ut
1825 4347 2036 4458 quadrata.

461 4485 738 4574 distantiarum
767 4507 799 4566 a·
819 4475 993 4576 centri-s,
1033 4473 1385 4588 quemadmodum
1412 4473 1470 4558 vis
1492 4475 1599 4564 lunae
1621 4469 1678 4556 est
1704 4489 1750 4554 ut
1778 4469 2038 4583 quadratum

462 4611 658 4702 distantia
676 4635 699 4695 a
721 4629 844 4696 terra:
873 4602 1205 4692 concludendum
1224 4601 1303 4685 erit
1321 4600 1495 4687 eandem
1514 4594 1592 4682 effe
1611 4617 1794 4686 naturam
1820 4593 2038 4681 universa..

461 4743 601 4857 ltaque
616 4739 768 4824 utluna
781 4734 954 4848 gravitat
969 4733 1187 4827 interram,
1215 4723 1258 4811 dc·
1277 4747 1385 4814 terra
1399 4725 1624 4812 vicillimin
1640 4724 1797 4818 lunam;
1827 4719 1880 4808 lic
1899 4720 2035 4808 etiarm

464 4865 721 4980 grauitabunt
750 4885 893 4950 omnes
918 4854 1143 4964 secundarii
1165 4853 1205 4940 in
1220 4850 1440 4966 primarios.
1452 4849 1563 4951 suos,
1593 4843 1835 4959 &primarii
1855 4843 2036 4982 uiciffitu

1985 4991 2033 5051 ln
