4338 5656
368 287 771 386 PRINCIPIA
809 281 1432 382 Marmorarius·
1605 311 1705 402 477

137 479 223 569 quo
248 453 366 565 ipsius
392 453 494 540 nodi
526 452 595 538 seu
621 449 767 563 pontia
794 444 1086 566 equinodialia
1115 447 1417 558 regrediuntur,
1447 469 1545 530 cum
1572 447 1699 555 globo
1754 457 1877 518 unu

138 577 442 663 communicet:
472 594 607 660 motus
626 577 696 689 qui
719 574 880 662 restabit
898 575 939 658 in
958 576 1106 658 annulo
1127 575 1205 656 erit
1223 572 1274 656 ad
1294 568 1411 682 ipsius
1432 589 1591 653 motum
1619 573 1698 680 pri·
1719 539 1793 598 ¹⁴⁸¹*
1807 555 1908 595 ‘¹¹¹⁹'

137 727 266 796 orem,
299 721 346 783 ut
375 725 481 804 4590
506 696 557 781 ad
593 697 776 808 489813;
818 697 1107 806 &propterea
1139 716 1273 777 motus
1306 687 1548 804 pundorum
1575 696 1698 806 aequi-

137 822 369 916 nodlialium
388 821 640 904 diminuetur
667 821 709 902 in
736 817 1078 922 eademratione.
1134 811 1226 898 Erit
1245 815 1371 922 igitur
1392 835 1525 898 motus
1546 843 1700 900 annuus

137 946 383 1056 punctorum
408 941 750 1055 aequinoetialium
790 941 975 1050 corporis
1002 966 1056 1023 ex
1083 939 1232 1022 annulo
1260 937 1302 1020 dc
1333 939 1461 1046 globo
1486 937 1703 1050 compoliti

140 1067 191 1152 ad
220 1088 380 1151 motum
401 1086 496 1148 000·
524 1061 599 1148 rr'.
626 1061 724 1172 46'',
751 1067 914 1166 ut1436
939 1062 990 1146 ad
1019 1089 1142 1170 39343
1163 1061 1206 1144 de
1227 1088 1331 1167 4590
1353 1061 1402 1146 ad
1424 1059 1575 1168 489803
1604 1088 1702 1146 con·

137 1189 325 1300 junilim,
352 1187 394 1272 id
421 1187 492 1286 ell,
519 1206 564 1270 ut
597 1214 673 1269 100
695 1186 747 1270 ad
770 1215 844 1291 292
852 1191 938 1292 369.
979 1181 1101 1268 Vites
1125 1205 1262 1268 aurem
1286 1183 1432 1297 quibus
1459 1183 1560 1266 nodi
1588 1187 1703 1268 100οι,

139 1337 232 1396 rum
259 1309 456 1420 (utsupra
477 1310 673 1420 explicui)
701 1328 823 1420 atque
857 1307 954 1392 ideo
977 1307 1124 1422 quibus
1147 1306 1293 1420 ponda
1320 1305 1611 1420 equinoctialia
1632 1334 1698 1391 an·-

140 1435 222 1520 nuli
258 1433 544 1541 regrediuntur
572 1432 641 1536 (id
662 1432 719 1516 ell
738 1432 843 1514 vires
877 1462 895 1532 3
922 1429 949 1514 I
964 1428 1004 1514 T
1025 1435 1066 1512 in
1083 1429 1158 1544 fig.
1174 1449 1271 1545 pag.
1298 1459 1376 1536 437
1407 1429 1450 1514 &
1474 1428 1573 1536 438)
1612 1429 1702 1514 sunt

137 1559 180 1640 in
204 1555 363 1666 singulis
382 1555 586 1666 particulis
605 1573 650 1637 ut
673 1552 869 1638 distantiae
888 1555 1175 1666 particularum
1196 1580 1217 1637 a
1236 1555 1355 1663 plano
1378 1553 1477 1670 Qu,
1496 1550 1539 1635 &
1560 1552 1620 1635 his
1644 1553 1702 1634 vi.

141 1677 252 1764 ribus
274 1678 480 1788 particulae
504 1677 582 1762 illae
606 1677 769 1788 planum
788 1675 978 1786 fugium
1026 1675 1070 1760 de
1099 1697 1315 1788 propterea
1345 1681 1441 1788 (per
1461 1677 1553 1760 lem.
1575 1685 1637 1786 n.)
1674 1671 1705 1760 li

140 1803 308 1888 materia
334 1803 471 1886 annuli
496 1827 569 1912 per
596 1820 727 1886 totam
753 1801 865 1908 globi
895 1799 1149 1912 superficiem
1177 1802 1218 1886 in
1256 1826 1414 1885 motem
1436 1799 1576 1909 ligurae
1598 1801 1666 1882 Pa
1667 1817 1702 1912 p·

138 1929 187 2008 A
202 1925 274 2008 Pe
278 1923 365 2036 pE
392 1927 443 2010 ad
465 1925 716 2036 superiorem
741 1925 849 2007 illam
880 1942 1001 2007 terrae
1019 1946 1176 2036 partem
1197 1923 1521 2009 constituendam
1544 1925 1704 2036 sparge·

137 2071 262 2144 retur,
299 2047 358 2131 vis
389 2045 432 2130 80
463 2044 646 2134 efficacia
679 2065 768 2130 tota
796 2047 1083 2156 particularum
1115 2049 1300 2132 omnium
1330 2045 1381 2130 ad
1411 2066 1561 2130 terram
1592 2048 1703 2133 circa

138 2168 321 2282 quamvis
345 2168 560 2278 aequatoris
586 2167 832 2252 diametrum
865 2165 1095 2263 notandam,
1134 2189 1257 2280 atque
1288 2167 1385 2252 ideo
1415 2167 1470 2249 ad
1501 2169 1704 2251 movenda

138 2289 289 2401 puncla
310 2287 616 2400 aequinodlialia,
643 2286 836 2371 evaderet
857 2289 991 2372 minor
1014 2315 1136 2400 quam
1162 2290 1272 2399 prius
1300 2289 1341 2372 in
1368 2290 1525 2373 ratione
1550 2319 1571 2367 2
1594 2291 1643 2373 ad
1668 2314 1702 2394 5:

138 2413 319 2523 ideoque
339 2437 492 2496 annum
512 2405 851 2523 aquinotliorum
877 2405 1071 2516 regressus
1095 2409 1177 2517 jam
1203 2407 1299 2494 ellet
1321 2411 1488 2494 001000.
1511 2410 1584 2495 rr'.
1607 2405 1714 2520 4ό”ἑ1

138 2555 185 2619 ut
213 2561 261 2615 10
285 2534 336 2618 ad
359 2560 511 2641 73092:
541 2559 588 2617 ac
616 2531 793 2644 proinde
820 2529 936 2615 fieret
962 2527 1034 2640 9‘'.
1065 2531 1175 2634 56'“.
1207 2536 1295 2636 50³⁷.

192 2655 403 2740 Caeterum
425 2658 491 2740 hic
512 2676 654 2740 motus.
675 2655 734 2739 ob
765 2653 1072 2740 inclinationem
1094 2657 1202 2768 plani
1221 2660 1437 2770 aequatoris
1462 2660 1512 2768 ad
1537 2663 1703 2774 planum

137 2778 338 2888 eclipticae
370 2777 613 2863 minuendus
635 2777 705 2874 est,
732 2776 858 2890 idque
883 2775 926 2860 in
951 2777 1109 2884 ratione
1131 2780 1234 2864 srnus
1255 2787 1384 2886 91706
1406 2781 1495 2894 (qui
1523 2784 1625 2870 finus
1646 2779 1704 2867 est

137 2893 433 3009 complementi
447 2903 644 3010 graduum
662 2905 757 3008 234)
786 2897 836 2983 ad
860 2897 1019 2986 radium
1043 2931 1211 2985 000000.
1267 2901 1365 3014 Qua'
1390 2907 1547 2992 ratione
1567 2927 1703 2992 motus

138 3018 211 3104 iste
235 3021 316 3128 jam
336 3021 407 3106 liet
429 3021 502 3130 9'''.
528 3021 613 3124 7‘''.
642 3023 732 3104 20¹&
760 3015 868 3104 Haec
891 3019 949 3103 est
969 3048 1099 3108 annua
1126 3023 1338 3136 praeceffio
1364 3027 1715 3137 aequino'l‘liorum.

139 3173 162 3228 a
183 3145 223 3228 vi
243 3144 332 3229 solis
355 3145 545 3232 oriundas

194 3264 269 3353 Vis
291 3288 428 3354 autem
450 3271 556 3356 lunae
584 3266 635 3350 ad
659 3291 769 3352 mare
793 3265 1046 3351 movendum
1071 3283 1157 3349 erat
1178 3267 1232 3352 ad·
1252 3269 1334 3356 vim
1363 3269 1466 3370 solis,
1493 3291 1539 3356 ut
1559 3273 1713 3380 4,481·5.·

141 3389 197 3474 ad
221 3418 238 3470 1
260 3392 437 3476 circiter.
491 3387 547 3474 Et
569 3391 628 3473 vis
647 3392 752 3475 lunae
782 3388 834 3472 ad
854 3389 1095 3501 aequinoctia
1120 3393 1322 3478 movenda
1352 3395 1409 3479 ell
1432 3396 1483 3480 ad
1512 3399 1595 3481 vim
1615 3400 1720 3484 solio·

138 3513 182 3595 in
209 3511 354 3596 eadem
380 3511 661 3623 proportione.
715 3509 897 3621 indeque
921 3505 1060 3618 prodit
1083 3539 1214 3597 00000
1239 3517 1584 3629 039010οἃ100οω
1601 3547 1702 3631 prae·

140 3633 267 3719 cellio
295 3635 379 3718 avi
404 3637 510 3720 lunae
540 3632 713 3719 oriunda
737 3631 834 3737 4o“.
864 3633 975 3735 52'‘'.
1003 3639 1094 3738 52¹⁹,
1134 3663 1180 3720 ac
1218 3657 1304 3724 tota
1338 3641 1559 3751 ptaecellio·
1576 3671 1714 3733 annua.

140 3755 227 3838 avi
254 3772 426 3870 utraque
454 3755 627 3841 oriunda
656 3751 750 3858 5o'''.
787 3754 1021 3841 00'''.12¹'.
1092 3754 1148 3843 Et
1188 3761 1262 3845 hic·
1294 3785 1429 3847 motus
1465 3792 1560 3851 cum
1594 3770 1704 3879 phae-

142 3879 328 3960 nomenis
353 3867 555 3987 conpruit.
609 3876 715 3962 Nam
738 3879 948 3989 praecelsro
974 3879 1313 3992 aequinodiorum
1338 3909 1392 3968 ex
1414 3887 1718 3976 observationi·

141 3997 217 4133 bus
244 3998 508 4084 allronimicis
536 3999 597 4084 est
626 4003 831 4087 annuatim
870 4005 1122 4090 minutorum
1157 4003 1544 4126 secundorumplus
1571 4017 1717 4099 minus·

76 4153 80 4160 ·
141 4119 446 4232 qurnquaginta.

194 4241 236 4326 Si
258 4239 432 4324 altitudo
454 4259 573 4325 terrae
594 4242 646 4326 ad
667 4263 917 4356 aequatorem
937 4241 1101 4353 superet
1120 4246 1376 4355 altitudinem
1398 4250 1482 4360 ejus
1498 4255 1703 4366 ad'polos‚

141 4361 373 4447 milliaribus
399 4362 579 4473 pluribus
611 4389 733 4476 quam
768 4377 851 4467 17÷,
878 4366 1044 4450 materia
1072 4365 1156 4472 ejus
1185 4373 1313 4456 rarior
1342 4374 1419 4455 erit
1446 4374 1497 4458 ad
1529 4378 1704 4466 circum*-

142 4481 356 4567 serentiam
379 4507 502 4595 quam
526 4484 577 4567 ad
606 4502 820 4569 centrum:
861 4485 903 4569 de
928 4487 1139 4596 praeceffio
1170 4493 1511 4604 aequinodliorurn
1533 4500 1588 4582 ob
1616 4505 1703 4585 alti·

143 4603 329 4686 tudinem
347 4605 455 4688 illam
480 4607 633 4718 augeri,
661 4607 715 4690 ob
742 4609 949 4694 raritatem
975 4609 1147 4695 diminui
1168 4612 1304 4700 debet.

196 4723 485 4834 Descripsrmus
509 4728 591 4836 jam
617 4725 782 4837 systema
814 4729 918 4829 solis,
952 4751 1086 4832 terrae,
1115 4737 1233 4835 lunae,
1272 4735 1316 4822 δι
1343 4741 1617 4852 planetarum:
1645 4747 1704 4832 su·-

142 4845 274 4972 perest
301 4865 346 4933 ut
371 4844 425 4932 de
451 4853 623 4940 cometis
649 4853 839 4942 nonnulla
867 4853 1118 4964 adjiciantur.

1402 4983 1715 5076 LEMMn
