4338 5656
9 227 14 320 ³
399 253 800 358 antuerpia
849 235 1447 348 Maruentattcn.
1629 269 1720 368 5²5

12 427 18 533 ἶ
160 430 258 518 tiam
277 427 530 514 mediocrem
552 448 671 512 tertae
694 423 829 520 asole,
859 442 905 506 ut
929 416 1045 522 35ad
1069 446 1087 502 1
1113 416 1287 500 circiter.
1345 413 1505 526 Quibus
1522 412 1712 519 cognitis,

9 541 24 622 s
158 556 265 644 baud
291 551 461 638 difficile
488 550 610 635 fuerit
642 549 786 634 orbem
817 547 1043 658 ellipticum
1077 561 1253 626 cometae
1289 537 1405 648 bujus
1430 537 1714 620 determinare.

1773 397 1904 457 erxrc

1744 479 1941 540 Tanarus.

9 681 25 739 s
159 680 302 788 Atque
328 675 416 758 traec
443 676 499 757 ita
527 674 567 757 se
594 673 801 756 habebunt
831 667 858 754 st
880 689 1057 760 cometa,
1087 665 1215 774 spatio
1242 687 1442 744 annorum
1468 659 1718 768 septuaginta

9 808 25 864 'l
156 801 354 914 quinque,
378 801 419 880 in
441 797 520 880 hoc
540 797 641 880 orbe
659 795 823 906 posthac
843 793 1023 876 redierit.
1079 787 1270 876 Cometae
1290 785 1437 898 reliqui
1452 781 1595 892 majori
1613 804 1716 865 tem.-

9 929 24 1002 l
157 947 261 1038 pore
284 923 438 1006 revolvi
463 921 653 1005 videntur
674 918 718 1004 dt
740 920 854 1002 altius
873 913 1104 998 ascendere.

214 1044 426 1128 Caeterum
452 1063 641 1139 cornetae,
677 1042 733 1126 ob
769 1063 962 1148 magnum
989 1063 1135 1122 eorutn
1169 1057 1408 1131 numerum,
1448 1029 1491 1115 δι
1531 1053 1717 1140 magnam

160 1165 411 1274 apheliorum
434 1193 457 1252 a
474 1166 557 1250 sole
576 1164 819 1257 distantiam,
847 1161 890 1246 &
911 1163 1073 1272 longam
1089 1184 1251 1267 *moram
1269 1159 1312 1241 in
1330 1155 1510 1268 apbeliis,
1537 1180 1610 1264 per
1630 1177 1717 1262 gra·

10 1293 21 1352 '5
164 1290 307 1374 vitates
333 1291 379 1375 in
409 1289 448 1374 se
478 1309 627 1372 mutuo
650 1287 835 1373 nonnibil
861 1285 1013 1370 turbari
1037 1285 1205 1380 debent,
1234 1277 1277 1364 dc
1302 1307 1447 1364 eorum
1476 1277 1719 1363 eccentric'r·

9 1395 22 1472 ἱ
161 1399 330 1482 tates&
358 1399 663 1484 revolutionum
687 1418 872 1508 tempora
898 1421 1006 1479 nunc
1029 1395 1168 1502 augeri
1195 1391 1499 1503 aliquantulum,
1526 1413 1635 1472 nunc
1656 1384 1718 1469 di·-

163 1521 305 1608 minui.
359 1521 540 1608 Proinde
568 1547 654 1608 non
679 1519 737 1604 est
760 1518 1060 1631 expediendum
1090 1537 1136 1600 ut
1165 1534 1328 1600 cometa
1363 1513 1475 1598 idem
1503 1511 1545 1596 in
1569 1510 1719 1596 eodem

164 1645 282 1740 orbe,
310 1645 352 1730 dc
377 1646 521 1732 iisdem
543 1644 796 1757 temporibus
827 1643 1047 1757 periodicis
1076 1661 1265 1724 accurate
1296 1638 1448 1724 redeat.
1504 1633 1724 1734 Sufficitsi

160 1771 410 1856 mutationes
433 1795 519 1857 nou
545 1768 717 1880 majores
742 1770 1001 1868 obvenerint,
1037 1789 1162 1880 quam
1195 1787 1287 1877 quae
1319 1791 1344 1847 a
1367 1762 1491 1848 causis
1515 1756 1727 1876 prodidit·

164 1892 361 1978 oriantur.

219 2012 274 2098 Et
294 2013 390 2101 hinc
417 2017 521 2103 ratio
548 2015 752 2109 redditur.
781 2039 860 2097 cur·
883 2031 1058 2099 cometae
1082 2037 1165 2098 non
1185 2007 1584 2120 comprehendantur
1608 2003 1724 2094 zodi-

163 2162 240 2222 aco
270 2163 387 2222 more
414 2143 677 2250 planetarum,
704 2138 773 2222 sed
795 2137 894 2221 inde
917 2137 1093 2244 migrent
1127 2132 1170 2217 &
1195 2131 1374 2218 motibus
1414 2133 1531 2214 variis
1563 2133 1605 2216 in
1635 2155 1725 2214 om·

165 2282 238 2344 nes
258 2260 463 2344 coelorum
487 2260 675 2366 regiones
696 2257 888 2340 serantur.
943 2257 1107 2340 Scilicet
1126 2282 1178 2339 eo
1200 2255 1294 2349 fine,
1322 2253 1426 2336 utin
1448 2255 1613 2362 apheliis
1633 2254 1731 2350 suis,

164 2379 238 2464 ubi
261 2379 482 2468 tandiffime
507 2401 740 2480 moventur,
766 2405 889 2492 quam
911 2378 1138 2490 longissime
1157 2375 1305 2462 distent
1331 2376 1597 2474 abinvicem,
1619 2375 1662 2462 δι
1681 2375 1723 2460 se

167 2521 314 2588 mutuo
333 2530 457 2619 quam
476 2505 644 2590 minime
668 2504 839 2588 trahant.
893 2504 987 2616 Qua
1010 2503 1063 2588 de
1084 2501 1200 2588 causa
1219 2524 1411 2598 cometae,
1431 2502 1503 2613 qui
1517 2503 1633 2586 altius
1651 2500 1724 2586 de·-

165 2624 380 2726 scendunt,
420 2630 601 2746 ideoque
635 2627 859 2715 tardiffime
886 2649 1106 2716 moventur
1136 2617 1179 2713 iu
1208 2626 1388 2738 apheliis,
1428 2626 1581 2713 debent
1608 2628 1725 2713 altius

168 2747 399 2834 ascendere.

181 2923 186 2936 ·
223 2868 411 2970 Cometa,
434 2870 506 2984 qui
528 2897 636 2958 anno
659 2869 766 2956 1680
784 2871 979 2983 apparuit,
1010 2875 1142 2958 minus
1164 2873 1332 2959 distabat
1351 2898 1374 2957 a
1398 2871 1480 2958 sole
1502 2874 1544 2957 in
1566 2873 1731 2984 perihe-

168 2987 226 3074 lio
251 2990 324 3076 suo
345 3020 468 3103 quam
494 3012 609 3099 parte
635 2994 747 3076 sexta
768 2995 957 3076 diametri
982 2997 1093 3090 solis;
1142 2995 1184 3076 &
1210 3015 1379 3103 propter
1397 2992 1595 3078 summam
1615 2999 1727 3080 velo·

169 3113 338 3200 citatem
359 3116 400 3198 in
422 3113 569 3198 vicinia
590 3113 670 3213 illa,
705 3114 1004 3202 &densitatem
1032 3119 1205 3231 aliquam
1227 3117 1505 3228 atmosphaerae
1522 3117 1628 3215 solis,
1659 3143 1724 3201 re-

170 3236 385 3326 srstentiam
419 3241 654 3326 nonnullam
676 3239 825 3326 sentire
853 3238 1011 3334 debuit,
1039 3239 1084 3323 dc
1115 3241 1403 3354 aliquantulum
1435 3240 1652 3339 retardari,
1681 3241 1728 3325 dc

167 3361 337 3472 propius
356 3361 407 3444 ad
425 3361 551 3446 solem
570 3361 769 3446 accedere
782 3389 797 3446 ε·
821 3359 867 3444 &
885 3361 1044 3471 singulis
1069 3363 1391 3470 revolutionibus
1416 3363 1655 3448 accedendo
1673 3361 1730 3448 ad

167 3482 312 3582 solem,
337 3483 494 3568 incidet
517 3485 549 3568 is
568 3485 734 3570 tandem
756 3485 798 3569 in
816 3491 970 3596 corpus
987 3485 1090 3569 solis.
1147 3485 1228 3570 Sed
1251 3485 1294 3568 ἃ
1314 3487 1355 3570 in
1379 3486 1538 3597 aphelio
1557 3485 1626 3569 ubi
1647 3473 1733 3569 tarss

173 3603 332 3690 dissime
359 3625 562 3705 movetur,
607 3607 826 3720 aliquando
859 3632 931 3719 per
958 3607 1240 3693 attraslionem
1265 3610 1435 3693 aliorum
1472 3631 1733 3693 cometarum

174 3725 372 3812 retardari
396 3728 540 3837 potest,
560 3727 602 3811 &
622 3729 792 3814 subinde
812 3731 854 3814 in
879 3730 1005 3814 solem
1029 3729 1225 3818 incidere.
1253 3727 1320 3812 Sic
1342 3731 1464 3815 etiam
1484 3731 1604 3816 stellae
1622 3729 1738 3842 fixe,

176 3877 268 3964 quae
296 3854 490 3961 paulatim·
512 3854 698 3965 expirant
723 3857 771 3940 in·
798 3856 932 3940 lucem
957 3853 1000 3936 &
1022 3880 1207 3964 vapores,
1236 3856 1407 3940 cometis
1433 3855 1475 3940 in
1503 3855 1602 3966 ipsas
1628 3856 1729 3940 inci·

177 3974 366 4061 dentibus
394 3977 506 4062 refici
531 3977 708 4087 possunt,
744 3977 788 4062 &
813 4005 926 4063 novo
950 3979 1145 4062 alimento
1171 3977 1350 4062 accensae
1372 4003 1448 4089 pto
1472 3977 1589 4062 stellis
1612 3979 1734 4061 novis

176 4098 327 4187 baberi.
370 4097 505 4208 Hujus
523 4103 681 4210 generis
702 4101 791 4186 sunt
813 4104 932 4186 llellae
954 4103 1062 4202 sixae,
1086 4127 1179 4215 quae
1198 4102 1332 4186 subito
1356 4123 1562 4214 apparent,
1591 4100 1733 4186 &sub

170 4221 297 4307 ⁴initio
318 4247 441 4334 quam
461 4224 636 4307 maxime
656 4223 881 4334 splendent,
902 4224 1134 4309 &subinde
1156 4227 1347 4336 paulatim
1370 4226 1624 4310 evanescunt.
1643 4221 1729 4308 Ta»

179 4345 225 4429 lis
256 4345 332 4430 suit
359 4347 467 4431 stella
496 4347 538 4430 in
557 4348 750 4433 cathedra
767 4347 1008 4463 Caffiopeiae
1030 4375 1154 4462 quam
1177 4347 1383 4434 Cornelius
1401 4351 1564 4432 Gemma
1586 4347 1742 4434 odavo

180 4465 421 4556 Novembris
455 4497 568 4574 1572,
593 4471 797 4560 lustrando
823 4475 928 4558 illam
949 4474 1048 4556 coeli
1069 4491 1228 4582 partem
1248 4471 1368 4558 nodie
1397 4473 1533 4558 serena
1562 4471 1728 4558 minime

181 4597 310 4694 vi'dit3
340 4625 380 4685 at
407 4601 527 4686 nobie
547 4589 731 4710 proxima
751 4603 948 4708 (Novem.
965 4609 1022 4711 9.)
1050 4601 1154 4687 vidit
1172 4599 1259 4686 fixis
1277 4603 1464 4687 omnibus
1483 4598 1738 4713 splendidio·

181 4747 284 4815 rem,
313 4721 357 4808 &.
376 4724 465 4807 luce
485 4726 550 4808 sut
568 4725 641 4811 vix
658 4727 875 4812 cedentem
898 4728 1048 4810 veneri.
1106 4723 1230 4812 Hanc
1256 4721 1382 4832 Tycha
1401 4725 1599 4810 Brahaeas
1624 4725 1728 4811 vidit

181 4845 404 4934 undecimo
426 4845 605 4955 ejusdem
632 4850 775 4938 mensis
799 4850 869 4938 ubi
887 4850 1064 4938 maxime
1082 4847 1304 4962 splenduit,
1334 4849 1378 4933 ur
1400 4875 1522 4936 exeo
1542 4869 1741 4960 ternpore·

1533 4974 1736 5088 paulitimt
