<?xml version="1.0" encoding="UTF-8"?>
<!DOCTYPE html PUBLIC "-//W3C//DTD XHTML 1.0 Transitional//EN"
    "http://www.w3.org/TR/xhtml1/DTD/xhtml1-transitional.dtd">
<html xmlns="http://www.w3.org/1999/xhtml" xml:lang="en" lang="en">
 <head>
  <title>
</title>
<meta http-equiv="Content-Type" content="text/html;charset=utf-8" />
  <meta name='ocr-system' content='tesseract 3.04.00' />
  <meta name='ocr-capabilities' content='ocr_page ocr_carea ocr_par ocr_line ocrx_word'/>
</head>
<body>
  <div class='ocr_page' id='page_1' title='image "./philosophinatur00cotegoog_0493.png"; bbox 0 0 4352 5646; ppageno 0'>
   <div class='ocr_carea' id='block_1_1' title="bbox 457 253 1804 376">
    <p class='ocr_par' dir='ltr' id='par_1_1' title="bbox 457 253 1804 376">
     <span class='ocr_line' id='line_1_1' title="bbox 457 253 1804 376; baseline 0.002 -30"><span class='ocrx_word' id='word_1_1' title='bbox 457 281 560 376; x_wconf 74' lang='lat'>424</span> <span class='ocrx_word' id='word_1_2' title='bbox 767 253 1301 352; x_wconf 70' lang='lat' dir='ltr'>curtosortttm</span> <span class='ocrx_word' id='word_1_3' title='bbox 1350 253 1804 353; x_wconf 80' lang='lat' dir='ltr'>unrunnnrs</span> 
     </span>
    </p>
   </div>
   <div class='ocr_carea' id='block_1_2' title="bbox 246 417 2032 778">
    <p class='ocr_par' dir='ltr' id='par_1_2' title="bbox 246 417 2032 778">
     <span class='ocr_line' id='line_1_2' title="bbox 249 417 2032 531; baseline 0.012 -46"><span class='ocrx_word' id='word_1_4' title='bbox 249 426 296 485; x_wconf 73' lang='lat' dir='ltr'>oa.</span> <span class='ocrx_word' id='word_1_5' title='bbox 316 425 430 480; x_wconf 71' lang='lat' dir='ltr'>uuam</span> <span class='ocrx_word' id='word_1_6' title='bbox 467 423 623 506; x_wconf 67' lang='lat' dir='ltr'>tionum</span> <span class='ocrx_word' id='word_1_7' title='bbox 637 421 925 531; x_wconf 83' lang='lat' dir='ltr'>posteriorum.</span> <span class='ocrx_word' id='word_1_8' title='bbox 977 417 1166 505; x_wconf 83' lang='lat' dir='ltr'>Variatio</span> <span class='ocrx_word' id='word_1_9' title='bbox 1188 417 1363 504; x_wconf 84' lang='lat' dir='ltr'>satellitis</span> <span class='ocrx_word' id='word_1_10' title='bbox 1381 447 1406 504; x_wconf 95' lang='lat' dir='ltr'>e</span> <span class='ocrx_word' id='word_1_11' title='bbox 1424 419 1521 528; x_wconf 84' lang='lat' dir='ltr'>jove</span> <span class='ocrx_word' id='word_1_12' title='bbox 1543 418 1718 530; x_wconf 71' lang='lat' dir='ltr'>spellati,</span> <span class='ocrx_word' id='word_1_13' title='bbox 1746 419 1805 502; x_wconf 89' lang='lat' dir='ltr'>est</span> <span class='ocrx_word' id='word_1_14' title='bbox 1832 418 1881 502; x_wconf 92' lang='lat' dir='ltr'>ad</span> <span class='ocrx_word' id='word_1_15' title='bbox 1901 423 2032 505; x_wconf 88' lang='lat' dir='ltr'>varia·</span> 
     </span>
     <span class='ocr_line' id='line_1_3' title="bbox 246 505 2032 651; baseline 0.004 -30"><span class='ocrx_word' id='word_1_16' title='bbox 246 505 433 564; x_wconf 51' lang='lat' dir='ltr'>smum*</span> <span class='ocrx_word' id='word_1_17' title='bbox 467 545 622 627; x_wconf 92' lang='lat' dir='ltr'>tionem</span> <span class='ocrx_word' id='word_1_18' title='bbox 641 545 760 638; x_wconf 85' lang='lat' dir='ltr'>lunae,</span> <span class='ocrx_word' id='word_1_19' title='bbox 789 562 833 626; x_wconf 90' lang='lat' dir='ltr'>ut</span> <span class='ocrx_word' id='word_1_20' title='bbox 865 541 1030 625; x_wconf 88' lang='lat' dir='ltr'>suntad</span> <span class='ocrx_word' id='word_1_21' title='bbox 1058 541 1234 622; x_wconf 86' lang='lat' dir='ltr'>invicem</span> <span class='ocrx_word' id='word_1_22' title='bbox 1262 541 1340 624; x_wconf 89' lang='lat' dir='ltr'>toti</span> <span class='ocrx_word' id='word_1_23' title='bbox 1371 563 1505 626; x_wconf 91' lang='lat' dir='ltr'>motus</span> <span class='ocrx_word' id='word_1_24' title='bbox 1536 540 1742 624; x_wconf 92' lang='lat' dir='ltr'>nodorum</span> <span class='ocrx_word' id='word_1_25' title='bbox 1776 543 2032 651; x_wconf 83' lang='lat' dir='ltr'>temporibus</span> 
     </span>
     <span class='ocr_line' id='line_1_4' title="bbox 465 665 2030 778; baseline 0.001 -29"><span class='ocrx_word' id='word_1_26' title='bbox 465 669 611 778; x_wconf 88' lang='lat' dir='ltr'>quibus</span> <span class='ocrx_word' id='word_1_27' title='bbox 629 668 837 752; x_wconf 88' lang='lat' dir='ltr'>satelles&amp;</span> <span class='ocrx_word' id='word_1_28' title='bbox 855 669 946 750; x_wconf 91' lang='lat' dir='ltr'>luna</span> <span class='ocrx_word' id='word_1_29' title='bbox 968 665 1026 746; x_wconf 83' lang='lat' dir='ltr'>ad</span> <span class='ocrx_word' id='word_1_30' title='bbox 1055 665 1180 749; x_wconf 90' lang='lat' dir='ltr'>solem</span> <span class='ocrx_word' id='word_1_31' title='bbox 1201 667 1480 764; x_wconf 88' lang='lat' dir='ltr'>revolvuntur,</span> <span class='ocrx_word' id='word_1_32' title='bbox 1501 690 1578 775; x_wconf 74' lang='lat' dir='ltr'>,per</span> <span class='ocrx_word' id='word_1_33' title='bbox 1608 666 1720 750; x_wconf 88' lang='lat' dir='ltr'>idem</span> <span class='ocrx_word' id='word_1_34' title='bbox 1743 665 2030 763; x_wconf 80' lang='lat' dir='ltr'>corollarium3</span> 
     </span>
    </p>
   </div>
   <div class='ocr_carea' id='block_1_3' title="bbox 466 770 1591 906">
    <p class='ocr_par' dir='ltr' id='par_1_3' title="bbox 466 770 1591 906">
     <span class='ocr_line' id='line_1_5' title="bbox 466 770 1591 906; baseline -0.001 -30"><span class='ocrx_word' id='word_1_35' title='bbox 466 789 647 906; x_wconf 89' lang='lat' dir='ltr'>ideoque</span> <span class='ocrx_word' id='word_1_36' title='bbox 664 793 716 877; x_wconf 70' lang='lat' dir='ltr'>,in</span> <span class='ocrx_word' id='word_1_37' title='bbox 740 793 905 876; x_wconf 78' lang='lat' dir='ltr'>satellite</span> <span class='ocrx_word' id='word_1_38' title='bbox 929 770 1085 874; x_wconf 83' lang='lat' dir='ltr'>extimb</span> <span class='ocrx_word' id='word_1_39' title='bbox 1101 818 1185 876; x_wconf 92' lang='lat' dir='ltr'>non</span> <span class='ocrx_word' id='word_1_40' title='bbox 1208 789 1365 900; x_wconf 91' lang='lat' dir='ltr'>superat</span> <span class='ocrx_word' id='word_1_41' title='bbox 1391 790 1457 892; x_wconf 83' lang='lat'><em>5&#39;&#39;-·</em></span> <span class='ocrx_word' id='word_1_42' title='bbox 1481 787 1543 872; x_wconf 85' lang='lat'>12&#39;</span> <span class='ocrx_word' id='word_1_43' title='bbox 1547 787 1578 832; x_wconf 85' lang='lat'>&#39;&#39;</span> <span class='ocrx_word' id='word_1_44' title='bbox 1583 856 1591 875; x_wconf 94' lang='lat'><strong>.</strong></span> 
     </span>
    </p>
   </div>
   <div class='ocr_carea' id='block_1_4' title="bbox 551 1003 1934 1102">
    <p class='ocr_par' dir='ltr' id='par_1_4' title="bbox 551 1003 1934 1102">
     <span class='ocr_line' id='line_1_6' title="bbox 551 1003 1934 1102; baseline 0 0"><span class='ocrx_word' id='word_1_45' title='bbox 551 1004 1016 1102; x_wconf 89' lang='lat' dir='ltr'>PROPOSITIO</span> <span class='ocrx_word' id='word_1_46' title='bbox 1058 1003 1239 1102; x_wconf 84' lang='lat' dir='ltr'><strong>XXIV.</strong></span> <span class='ocrx_word' id='word_1_47' title='bbox 1324 1003 1761 1102; x_wconf 85' lang='lat' dir='ltr'><strong>THEOREMA</strong></span> <span class='ocrx_word' id='word_1_48' title='bbox 1806 1011 1934 1102; x_wconf 87' lang='lat' dir='ltr'><strong>XIX.</strong></span> 
     </span>
    </p>
   </div>
   <div class='ocr_carea' id='block_1_5' title="bbox 503 1167 1994 1294">
    <p class='ocr_par' dir='ltr' id='par_1_5' title="bbox 503 1167 1994 1294">
     <span class='ocr_line' id='line_1_7' title="bbox 503 1167 1994 1294; baseline 0.003 -27"><span class='ocrx_word' id='word_1_49' title='bbox 503 1168 691 1270; x_wconf 77' lang='lat' dir='ltr'>slarxum</span> <span class='ocrx_word' id='word_1_50' title='bbox 718 1167 777 1272; x_wconf 51' lang='lat' dir='ltr'>E&amp;</span> <span class='ocrx_word' id='word_1_51' title='bbox 790 1171 1013 1294; x_wconf 69' lang='lat' dir='ltr'>refluxum</span> <span class='ocrx_word' id='word_1_52' title='bbox 1044 1167 1183 1266; x_wconf 81' lang='lat' dir='ltr'>maris</span> <span class='ocrx_word' id='word_1_53' title='bbox 1210 1168 1267 1266; x_wconf 85' lang='lat' dir='ltr'>ab</span> <span class='ocrx_word' id='word_1_54' title='bbox 1289 1168 1633 1292; x_wconf 61' lang='lat' dir='ltr'>arsionibusfhlis</span> <span class='ocrx_word' id='word_1_55' title='bbox 1656 1208 1709 1268; x_wconf 85' lang='lat' dir='ltr'>ac</span> <span class='ocrx_word' id='word_1_56' title='bbox 1732 1171 1844 1268; x_wconf 84' lang='lat' dir='ltr'>lunae</span> <span class='ocrx_word' id='word_1_57' title='bbox 1869 1171 1994 1272; x_wconf 65' lang='lat' dir='ltr'>oriri.</span> 
     </span>
    </p>
   </div>
   <div class='ocr_carea' id='block_1_6' title="bbox 464 1409 2147 4882">
    <p class='ocr_par' dir='ltr' id='par_1_6' title="bbox 464 1409 2147 3756">
     <span class='ocr_line' id='line_1_8' title="bbox 519 1409 2032 1522; baseline 0.002 -25"><span class='ocrx_word' id='word_1_58' title='bbox 519 1411 640 1497; x_wconf 88' lang='lat' dir='ltr'>Mare</span> <span class='ocrx_word' id='word_1_59' title='bbox 667 1411 825 1520; x_wconf 85' lang='lat' dir='ltr'>fingulis</span> <span class='ocrx_word' id='word_1_60' title='bbox 847 1410 988 1495; x_wconf 91' lang='lat' dir='ltr'>diebus</span> <span class='ocrx_word' id='word_1_61' title='bbox 1009 1429 1090 1492; x_wconf 90' lang='lat' dir='ltr'>tam</span> <span class='ocrx_word' id='word_1_62' title='bbox 1108 1409 1311 1495; x_wconf 88' lang='lat' dir='ltr'>lunaribus</span> <span class='ocrx_word' id='word_1_63' title='bbox 1332 1435 1454 1522; x_wconf 89' lang='lat' dir='ltr'>quam</span> <span class='ocrx_word' id='word_1_64' title='bbox 1483 1412 1673 1496; x_wconf 88' lang='lat' dir='ltr'>solaribus</span> <span class='ocrx_word' id='word_1_65' title='bbox 1698 1411 1759 1496; x_wconf 90' lang='lat' dir='ltr'>bis</span> <span class='ocrx_word' id='word_1_66' title='bbox 1788 1413 2032 1500; x_wconf 91' lang='lat' dir='ltr'>intumesce-</span> 
     </span>
     <span class='ocr_line' id='line_1_9' title="bbox 467 1532 2032 1644; baseline 0.003 -26"><span class='ocrx_word' id='word_1_67' title='bbox 467 1559 512 1618; x_wconf 90' lang='lat' dir='ltr'>te</span> <span class='ocrx_word' id='word_1_68' title='bbox 547 1538 697 1622; x_wconf 85' lang='lat' dir='ltr'>debere</span> <span class='ocrx_word' id='word_1_69' title='bbox 719 1563 765 1618; x_wconf 90' lang='lat' dir='ltr'>ac</span> <span class='ocrx_word' id='word_1_70' title='bbox 794 1536 852 1618; x_wconf 92' lang='lat' dir='ltr'>bis</span> <span class='ocrx_word' id='word_1_71' title='bbox 878 1535 1080 1628; x_wconf 84' lang='lat' dir='ltr'>delluere,</span> <span class='ocrx_word' id='word_1_72' title='bbox 1118 1552 1229 1642; x_wconf 87' lang='lat' dir='ltr'>patet</span> <span class='ocrx_word' id='word_1_73' title='bbox 1258 1559 1330 1642; x_wconf 91' lang='lat' dir='ltr'>per</span> <span class='ocrx_word' id='word_1_74' title='bbox 1356 1537 1481 1618; x_wconf 91' lang='lat' dir='ltr'>corol.</span> <span class='ocrx_word' id='word_1_75' title='bbox 1505 1563 1563 1642; x_wconf 92' lang='lat'>19.</span> <span class='ocrx_word' id='word_1_76' title='bbox 1591 1532 1634 1617; x_wconf 72' lang='grc' dir='ltr'>ἃ</span> <span class='ocrx_word' id='word_1_77' title='bbox 1664 1561 1728 1616; x_wconf 90' lang='lat'>20.</span> <span class='ocrx_word' id='word_1_78' title='bbox 1768 1558 1887 1644; x_wconf 87' lang='lat' dir='ltr'><strong>prop.</strong></span> <span class='ocrx_word' id='word_1_79' title='bbox 1912 1561 2032 1622; x_wconf 79' lang='lat' dir='ltr'>nxvr.</span> 
     </span>
     <span class='ocr_line' id='line_1_10' title="bbox 468 1659 2034 1776; baseline -0.003 -30"><span class='ocrx_word' id='word_1_80' title='bbox 468 1661 536 1746; x_wconf 91' lang='lat' dir='ltr'>lib.</span> <span class='ocrx_word' id='word_1_81' title='bbox 562 1691 593 1745; x_wconf 89' lang='lat' dir='ltr'>r.</span> <span class='ocrx_word' id='word_1_82' title='bbox 621 1683 667 1746; x_wconf 92' lang='lat' dir='ltr'>ut</span> <span class='ocrx_word' id='word_1_83' title='bbox 694 1661 736 1744; x_wconf 71' lang='grc' dir='ltr'>ἃ</span> <span class='ocrx_word' id='word_1_84' title='bbox 756 1687 871 1776; x_wconf 84' lang='lat' dir='ltr'>aquae</span> <span class='ocrx_word' id='word_1_85' title='bbox 890 1661 1106 1745; x_wconf 85' lang='lat' dir='ltr'>maximam</span> <span class='ocrx_word' id='word_1_86' title='bbox 1125 1659 1396 1756; x_wconf 82' lang='lat' dir='ltr'>altitudinem,</span> <span class='ocrx_word' id='word_1_87' title='bbox 1421 1662 1464 1744; x_wconf 92' lang='lat' dir='ltr'>in</span> <span class='ocrx_word' id='word_1_88' title='bbox 1490 1660 1664 1744; x_wconf 85' lang='lat' dir='ltr'>maribus</span> <span class='ocrx_word' id='word_1_89' title='bbox 1688 1659 1901 1770; x_wconf 87' lang='lat' dir='ltr'>profundis</span> <span class='ocrx_word' id='word_1_90' title='bbox 1923 1659 1968 1742; x_wconf 79' lang='grc' dir='ltr'>δι</span> <span class='ocrx_word' id='word_1_91' title='bbox 1989 1659 2034 1742; x_wconf 91' lang='lat' dir='ltr'>li·</span> 
     </span>
     <span class='ocr_line' id='line_1_11' title="bbox 467 1785 2034 1899; baseline -0.002 -27"><span class='ocrx_word' id='word_1_92' title='bbox 467 1788 586 1886; x_wconf 90' lang='lat' dir='ltr'>beris,</span> <span class='ocrx_word' id='word_1_93' title='bbox 625 1791 833 1899; x_wconf 91' lang='lat' dir='ltr'>appulsum</span> <span class='ocrx_word' id='word_1_94' title='bbox 863 1787 1121 1872; x_wconf 89' lang='lat' dir='ltr'>luminarium</span> <span class='ocrx_word' id='word_1_95' title='bbox 1144 1787 1196 1869; x_wconf 94' lang='lat' dir='ltr'>ad</span> <span class='ocrx_word' id='word_1_96' title='bbox 1223 1785 1492 1870; x_wconf 89' lang='lat' dir='ltr'>meridianum</span> <span class='ocrx_word' id='word_1_97' title='bbox 1515 1786 1596 1870; x_wconf 92' lang='lat' dir='ltr'>loci</span> <span class='ocrx_word' id='word_1_98' title='bbox 1635 1787 1785 1869; x_wconf 93' lang='lat' dir='ltr'>minori</span> <span class='ocrx_word' id='word_1_99' title='bbox 1814 1810 1941 1897; x_wconf 89' lang='lat' dir='ltr'>quam</span> <span class='ocrx_word' id='word_1_100' title='bbox 1968 1785 2034 1870; x_wconf 86' lang='lat' dir='ltr'>sex</span> 
     </span>
     <span class='ocr_line' id='line_1_12' title="bbox 464 1905 2034 2022; baseline -0.003 -24"><span class='ocrx_word' id='word_1_101' title='bbox 464 1916 657 1998; x_wconf 91' lang='lat' dir='ltr'>horarum</span> <span class='ocrx_word' id='word_1_102' title='bbox 689 1913 815 2020; x_wconf 86' lang='lat' dir='ltr'>spatio</span> <span class='ocrx_word' id='word_1_103' title='bbox 843 1911 968 2022; x_wconf 87' lang='lat' dir='ltr'>sequi,</span> <span class='ocrx_word' id='word_1_104' title='bbox 996 1907 1125 1992; x_wconf 87' lang='lat' dir='ltr'>utilit</span> <span class='ocrx_word' id='word_1_105' title='bbox 1151 1909 1193 1993; x_wconf 93' lang='lat' dir='ltr'>in</span> <span class='ocrx_word' id='word_1_106' title='bbox 1212 1909 1331 1992; x_wconf 88' lang='lat' dir='ltr'>maris</span> <span class='ocrx_word' id='word_1_107' title='bbox 1353 1906 1621 1992; x_wconf 85' lang='lat' dir='ltr'>Atlantici&amp;</span> <span class='ocrx_word' id='word_1_108' title='bbox 1642 1905 1874 2018; x_wconf 83' lang='lat' dir='ltr'>AEthiopici</span> <span class='ocrx_word' id='word_1_109' title='bbox 1905 1909 2034 1994; x_wconf 66' lang='lat' dir='ltr'>tratlu</span> 
     </span>
     <span class='ocr_line' id='line_1_13' title="bbox 467 2032 2034 2144; baseline -0.003 -21"><span class='ocrx_word' id='word_1_110' title='bbox 467 2061 560 2123; x_wconf 91' lang='lat' dir='ltr'>toto</span> <span class='ocrx_word' id='word_1_111' title='bbox 591 2035 776 2120; x_wconf 90' lang='lat' dir='ltr'>orientali</span> <span class='ocrx_word' id='word_1_112' title='bbox 805 2035 910 2117; x_wconf 91' lang='lat' dir='ltr'>inter</span> <span class='ocrx_word' id='word_1_113' title='bbox 939 2033 1117 2114; x_wconf 83' lang='lat' dir='ltr'>Galliam</span> <span class='ocrx_word' id='word_1_114' title='bbox 1147 2032 1190 2114; x_wconf 81' lang='lat' dir='ltr'>dc</span> <span class='ocrx_word' id='word_1_115' title='bbox 1221 2035 1551 2144; x_wconf 88' lang='lat' dir='ltr'>promontorium</span> <span class='ocrx_word' id='word_1_116' title='bbox 1580 2033 1700 2114; x_wconf 76' lang='lat' dir='ltr'>Bona</span> <span class='ocrx_word' id='word_1_117' title='bbox 1729 2032 1823 2140; x_wconf 83' lang='lat' dir='ltr'>Spei</span> <span class='ocrx_word' id='word_1_118' title='bbox 1848 2052 1894 2115; x_wconf 90' lang='lat' dir='ltr'>ut</span> <span class='ocrx_word' id='word_1_119' title='bbox 1921 2033 1967 2116; x_wconf 79' lang='lat' dir='ltr'>dc</span> <span class='ocrx_word' id='word_1_120' title='bbox 1992 2037 2034 2120; x_wconf 91' lang='lat' dir='ltr'>in</span> 
     </span>
     <span class='ocr_line' id='line_1_14' title="bbox 467 2157 2033 2270; baseline -0.006 -17"><span class='ocrx_word' id='word_1_121' title='bbox 467 2167 587 2254; x_wconf 90' lang='lat' dir='ltr'>maris</span> <span class='ocrx_word' id='word_1_122' title='bbox 601 2161 775 2262; x_wconf 83' lang='lat' dir='ltr'>Pacifici</span> <span class='ocrx_word' id='word_1_123' title='bbox 789 2161 926 2242; x_wconf 91' lang='lat' dir='ltr'>littore</span> <span class='ocrx_word' id='word_1_124' title='bbox 936 2157 1117 2262; x_wconf 14' lang='lat' dir='ltr'>&#39;Chilenfi</span> <span class='ocrx_word' id='word_1_125' title='bbox 1128 2157 1171 2239; x_wconf 83' lang='lat' dir='ltr'>dc</span> <span class='ocrx_word' id='word_1_126' title='bbox 1194 2159 1459 2242; x_wconf 76' lang='lat' dir='ltr'>Per-aviana:</span> <span class='ocrx_word' id='word_1_127' title='bbox 1487 2157 1695 2270; x_wconf 83' lang='lat' dir='ltr'>inquibus</span> <span class='ocrx_word' id='word_1_128' title='bbox 1716 2157 1905 2241; x_wconf 89' lang='lat' dir='ltr'>omnibus</span> <span class='ocrx_word' id='word_1_129' title='bbox 1924 2160 2033 2244; x_wconf 91' lang='lat' dir='ltr'>litto-</span> 
     </span>
     <span class='ocr_line' id='line_1_15' title="bbox 468 2279 2033 2392; baseline -0.007 -16"><span class='ocrx_word' id='word_1_130' title='bbox 468 2293 578 2376; x_wconf 88' lang='lat' dir='ltr'>ribus</span> <span class='ocrx_word' id='word_1_131' title='bbox 600 2284 714 2369; x_wconf 84' lang='lat' dir='ltr'>aellus</span> <span class='ocrx_word' id='word_1_132' title='bbox 738 2284 779 2367; x_wconf 95' lang='lat' dir='ltr'>in</span> <span class='ocrx_word' id='word_1_133' title='bbox 807 2280 948 2364; x_wconf 91' lang='lat' dir='ltr'>horam&#39;</span> <span class='ocrx_word' id='word_1_134' title='bbox 975 2280 1138 2364; x_wconf 74' lang='lat' dir='ltr'>circiter</span> <span class='ocrx_word' id='word_1_135' title='bbox 1163 2279 1394 2379; x_wconf 87' lang='lat' dir='ltr'>secundam,</span> <span class='ocrx_word' id='word_1_136' title='bbox 1423 2283 1582 2366; x_wconf 89' lang='lat' dir='ltr'>tertiam</span> <span class='ocrx_word' id='word_1_137' title='bbox 1610 2279 1673 2362; x_wconf 90' lang='lat' dir='ltr'>vel</span> <span class='ocrx_word' id='word_1_138' title='bbox 1701 2301 1901 2392; x_wconf 89' lang='lat' dir='ltr'>quartam,</span> <span class='ocrx_word' id='word_1_139' title='bbox 1936 2282 2033 2366; x_wconf 92' lang='lat' dir='ltr'>inci·</span> 
     </span>
     <span class='ocr_line' id='line_1_16' title="bbox 469 2401 2029 2515; baseline -0.005 -19"><span class='ocrx_word' id='word_1_140' title='bbox 469 2415 548 2510; x_wconf 90' lang='lat' dir='ltr'>dit,</span> <span class='ocrx_word' id='word_1_141' title='bbox 575 2409 648 2494; x_wconf 90' lang='lat' dir='ltr'>nili</span> <span class='ocrx_word' id='word_1_142' title='bbox 672 2409 741 2491; x_wconf 92' lang='lat' dir='ltr'>ubi</span> <span class='ocrx_word' id='word_1_143' title='bbox 767 2425 903 2488; x_wconf 87' lang='lat' dir='ltr'>motus</span> <span class='ocrx_word' id='word_1_144' title='bbox 921 2402 971 2486; x_wconf 93' lang='lat' dir='ltr'>ab</span> <span class='ocrx_word' id='word_1_145' title='bbox 999 2429 1156 2487; x_wconf 91' lang='lat' dir='ltr'>oceano</span> <span class='ocrx_word' id='word_1_146' title='bbox 1171 2403 1382 2515; x_wconf 90' lang='lat' dir='ltr'>profundo</span> <span class='ocrx_word' id='word_1_147' title='bbox 1408 2429 1480 2515; x_wconf 90' lang='lat' dir='ltr'>per</span> <span class='ocrx_word' id='word_1_148' title='bbox 1506 2407 1597 2488; x_wconf 91' lang='lat' dir='ltr'>loca</span> <span class='ocrx_word' id='word_1_149' title='bbox 1619 2401 1767 2485; x_wconf 88' lang='lat' dir='ltr'>vadosa</span> <span class='ocrx_word' id='word_1_150' title='bbox 1786 2425 2029 2512; x_wconf 88' lang='lat' dir='ltr'>propagatus</span> 
     </span>
     <span class='ocr_line' id='line_1_17' title="bbox 468 2523 2032 2648; baseline -0.006 -28"><span class='ocrx_word' id='word_1_151' title='bbox 468 2535 595 2648; x_wconf 87' lang='lat' dir='ltr'>usque</span> <span class='ocrx_word' id='word_1_152' title='bbox 617 2531 667 2614; x_wconf 92' lang='lat' dir='ltr'>ad</span> <span class='ocrx_word' id='word_1_153' title='bbox 685 2530 827 2613; x_wconf 92' lang='lat' dir='ltr'>horam</span> <span class='ocrx_word' id='word_1_154' title='bbox 850 2527 1032 2638; x_wconf 88' lang='lat' dir='ltr'>quintam</span> <span class='ocrx_word' id='word_1_155' title='bbox 1052 2527 1204 2608; x_wconf 82' lang='lat' dir='ltr'>sextam</span> <span class='ocrx_word' id='word_1_156' title='bbox 1222 2527 1432 2636; x_wconf 91' lang='lat' dir='ltr'>septimam</span> <span class='ocrx_word' id='word_1_157' title='bbox 1458 2546 1527 2610; x_wconf 92' lang='lat' dir='ltr'>aut</span> <span class='ocrx_word' id='word_1_158' title='bbox 1550 2524 1653 2608; x_wconf 90' lang='lat' dir='ltr'>ultra</span> <span class='ocrx_word' id='word_1_159' title='bbox 1673 2524 1909 2607; x_wconf 90' lang='lat' dir='ltr'>retardatur.</span> <span class='ocrx_word' id='word_1_160' title='bbox 1937 2523 2032 2610; x_wconf 81' lang='lat' dir='ltr'>Ho</span> 
     </span>
     <span class='ocr_line' id='line_1_18' title="bbox 470 2647 2147 2768; baseline -0.005 -23"><span class='ocrx_word' id='word_1_161' title='bbox 470 2687 532 2745; x_wconf 89' lang='lat' dir='ltr'>ras</span> <span class='ocrx_word' id='word_1_162' title='bbox 557 2681 730 2744; x_wconf 90' lang='lat' dir='ltr'>numero</span> <span class='ocrx_word' id='word_1_163' title='bbox 756 2653 805 2736; x_wconf 91' lang='lat' dir='ltr'>ab</span> <span class='ocrx_word' id='word_1_164' title='bbox 825 2648 988 2761; x_wconf 91' lang='lat' dir='ltr'>appulsu</span> <span class='ocrx_word' id='word_1_165' title='bbox 1015 2650 1219 2734; x_wconf 85' lang='lat' dir='ltr'>luminaris</span> <span class='ocrx_word' id='word_1_166' title='bbox 1239 2649 1446 2761; x_wconf 89' lang='lat' dir='ltr'>utriusque</span> <span class='ocrx_word' id='word_1_167' title='bbox 1466 2649 1518 2734; x_wconf 93' lang='lat' dir='ltr'>ad</span> <span class='ocrx_word' id='word_1_168' title='bbox 1545 2647 1810 2732; x_wconf 89' lang='lat' dir='ltr'>meridianum</span> <span class='ocrx_word' id='word_1_169' title='bbox 1831 2649 1926 2744; x_wconf 87' lang='lat' dir='ltr'>loci,</span> <span class='ocrx_word' id='word_1_170' title='bbox 1947 2671 2033 2736; x_wconf 88' lang='lat' dir='ltr'>tam</span> <span class='ocrx_word' id='word_1_171' title='bbox 2146 2751 2147 2768; x_wconf 17' lang='grc' dir='ltr'><strong><em>Ν</em></strong></span> 
     </span>
     <span class='ocr_line' id='line_1_19' title="bbox 468 2769 2147 2886; baseline -0.004 -19"><span class='ocrx_word' id='word_1_172' title='bbox 468 2783 573 2868; x_wconf 86' lang='lat' dir='ltr'>insta</span> <span class='ocrx_word' id='word_1_173' title='bbox 596 2781 859 2863; x_wconf 87' lang='lat' dir='ltr'>horizontem</span> <span class='ocrx_word' id='word_1_174' title='bbox 892 2801 1013 2886; x_wconf 90' lang='lat' dir='ltr'>quam</span> <span class='ocrx_word' id='word_1_175' title='bbox 1046 2777 1175 2886; x_wconf 89' lang='lat' dir='ltr'>supra,</span> <span class='ocrx_word' id='word_1_176' title='bbox 1202 2775 1244 2857; x_wconf 81' lang='lat' dir='ltr'>dc</span> <span class='ocrx_word' id='word_1_177' title='bbox 1265 2802 1337 2885; x_wconf 91' lang='lat' dir='ltr'>per</span> <span class='ocrx_word' id='word_1_178' title='bbox 1363 2777 1480 2860; x_wconf 86' lang='lat' dir='ltr'>horas</span> <span class='ocrx_word' id='word_1_179' title='bbox 1499 2775 1583 2862; x_wconf 91' lang='lat' dir='ltr'>diei</span> <span class='ocrx_word' id='word_1_180' title='bbox 1603 2776 1749 2859; x_wconf 88' lang='lat' dir='ltr'>lunatis</span> <span class='ocrx_word' id='word_1_181' title='bbox 1770 2775 1954 2883; x_wconf 81' lang='lat' dir='ltr'>intelligo</span> <span class='ocrx_word' id='word_1_182' title='bbox 1975 2782 2033 2861; x_wconf 85' lang='lat' dir='ltr'>vi·</span> <span class='ocrx_word' id='word_1_183' title='bbox 2146 2769 2147 2801; x_wconf 57' lang='lat'>¹</span> 
     </span>
     <span class='ocr_line' id='line_1_20' title="bbox 471 2901 2032 3022; baseline -0.003 -29"><span class='ocrx_word' id='word_1_184' title='bbox 471 2907 636 3022; x_wconf 83' lang='lat' dir='ltr'>gesrmas</span> <span class='ocrx_word' id='word_1_185' title='bbox 649 2921 808 3014; x_wconf 91' lang='lat' dir='ltr'>quartas</span> <span class='ocrx_word' id='word_1_186' title='bbox 829 2918 966 3007; x_wconf 59' lang='lat' dir='ltr'>,partes</span> <span class='ocrx_word' id='word_1_187' title='bbox 988 2903 1181 3010; x_wconf 88' lang='lat' dir='ltr'>temporis</span> <span class='ocrx_word' id='word_1_188' title='bbox 1202 2926 1286 3014; x_wconf 93' lang='lat' dir='ltr'>quo</span> <span class='ocrx_word' id='word_1_189' title='bbox 1306 2903 1398 2984; x_wconf 90' lang='lat' dir='ltr'>luna</span> <span class='ocrx_word' id='word_1_190' title='bbox 1425 2920 1541 2985; x_wconf 91' lang='lat' dir='ltr'>motu</span> <span class='ocrx_word' id='word_1_191' title='bbox 1572 2921 1791 3012; x_wconf 90' lang='lat' dir='ltr'>apparente</span> <span class='ocrx_word' id='word_1_192' title='bbox 1815 2901 1964 2986; x_wconf 91' lang='lat' dir='ltr'>diurno</span> <span class='ocrx_word' id='word_1_193' title='bbox 1983 2907 2032 2988; x_wconf 89' lang='lat' dir='ltr'>ad</span> 
     </span>
     <span class='ocr_line' id='line_1_21' title="bbox 471 3023 2033 3131; baseline -0.006 -11"><span class='ocrx_word' id='word_1_194' title='bbox 471 3031 741 3122; x_wconf 86' lang='lat' dir='ltr'>meridianum</span> <span class='ocrx_word' id='word_1_195' title='bbox 769 3025 850 3110; x_wconf 84' lang='lat' dir='ltr'>loci</span> <span class='ocrx_word' id='word_1_196' title='bbox 872 3026 1101 3110; x_wconf 87' lang='lat' dir='ltr'>revertitur.</span> <span class='ocrx_word' id='word_1_197' title='bbox 1158 3023 1344 3120; x_wconf 82' lang='lat' dir='ltr'>Vissolis</span> <span class='ocrx_word' id='word_1_198' title='bbox 1367 3026 1430 3108; x_wconf 90' lang='lat' dir='ltr'>vel</span> <span class='ocrx_word' id='word_1_199' title='bbox 1452 3027 1558 3111; x_wconf 84' lang='lat' dir='ltr'>lunae</span> <span class='ocrx_word' id='word_1_200' title='bbox 1585 3027 1636 3112; x_wconf 86' lang='lat' dir='ltr'>ad</span> <span class='ocrx_word' id='word_1_201' title='bbox 1666 3053 1778 3131; x_wconf 90' lang='lat' dir='ltr'>mare</span> <span class='ocrx_word' id='word_1_202' title='bbox 1793 3028 2033 3112; x_wconf 88' lang='lat' dir='ltr'>elevandum</span> 
     </span>
     <span class='ocr_line' id='line_1_22' title="bbox 472 3146 2034 3262; baseline -0.004 -19"><span class='ocrx_word' id='word_1_203' title='bbox 472 3157 649 3244; x_wconf 85' lang='lat' dir='ltr'>maxima</span> <span class='ocrx_word' id='word_1_204' title='bbox 668 3150 724 3236; x_wconf 90' lang='lat' dir='ltr'>est</span> <span class='ocrx_word' id='word_1_205' title='bbox 749 3146 899 3260; x_wconf 91' lang='lat' dir='ltr'>inipso</span> <span class='ocrx_word' id='word_1_206' title='bbox 924 3150 1093 3262; x_wconf 90' lang='lat' dir='ltr'>appulsu</span> <span class='ocrx_word' id='word_1_207' title='bbox 1116 3151 1321 3236; x_wconf 89' lang='lat' dir='ltr'>luminaris</span> <span class='ocrx_word' id='word_1_208' title='bbox 1348 3149 1399 3234; x_wconf 88' lang='lat' dir='ltr'>ad</span> <span class='ocrx_word' id='word_1_209' title='bbox 1422 3152 1692 3239; x_wconf 86' lang='lat' dir='ltr'>meridianum</span> <span class='ocrx_word' id='word_1_210' title='bbox 1720 3153 1810 3236; x_wconf 90' lang='lat' dir='ltr'>loci.</span> <span class='ocrx_word' id='word_1_211' title='bbox 1866 3153 1949 3237; x_wconf 87' lang='lat' dir='ltr'>Sed</span> <span class='ocrx_word' id='word_1_212' title='bbox 1976 3155 2034 3237; x_wconf 90' lang='lat' dir='ltr'>vis</span> 
     </span>
     <span class='ocr_line' id='line_1_23' title="bbox 472 3273 2035 3390; baseline -0.004 -23"><span class='ocrx_word' id='word_1_213' title='bbox 472 3309 525 3368; x_wconf 89' lang='lat' dir='ltr'>eo</span> <span class='ocrx_word' id='word_1_214' title='bbox 539 3303 727 3390; x_wconf 90' lang='lat' dir='ltr'>tempore</span> <span class='ocrx_word' id='word_1_215' title='bbox 747 3276 787 3358; x_wconf 93' lang='lat' dir='ltr'>in</span> <span class='ocrx_word' id='word_1_216' title='bbox 802 3301 912 3358; x_wconf 91' lang='lat' dir='ltr'>mare</span> <span class='ocrx_word' id='word_1_217' title='bbox 927 3273 1111 3386; x_wconf 84' lang='lat' dir='ltr'>impressa</span> <span class='ocrx_word' id='word_1_218' title='bbox 1124 3295 1259 3360; x_wconf 90' lang='lat' dir='ltr'>manet</span> <span class='ocrx_word' id='word_1_219' title='bbox 1278 3275 1526 3388; x_wconf 85' lang='lat' dir='ltr'>asrquamdiu</span> <span class='ocrx_word' id='word_1_220' title='bbox 1541 3276 1584 3359; x_wconf 73' lang='grc' dir='ltr'>δε</span> <span class='ocrx_word' id='word_1_221' title='bbox 1600 3303 1674 3388; x_wconf 93' lang='lat' dir='ltr'>per</span> <span class='ocrx_word' id='word_1_222' title='bbox 1690 3279 1769 3360; x_wconf 87' lang='lat' dir='ltr'>vim</span> <span class='ocrx_word' id='word_1_223' title='bbox 1782 3303 1929 3360; x_wconf 88' lang='lat' dir='ltr'>novam</span> <span class='ocrx_word' id='word_1_224' title='bbox 1942 3277 2035 3362; x_wconf 92' lang='lat' dir='ltr'>sub·</span> 
     </span>
     <span class='ocr_line' id='line_1_24' title="bbox 471 3399 2034 3516; baseline -0.003 -22"><span class='ocrx_word' id='word_1_225' title='bbox 471 3399 801 3516; x_wconf 87' lang='lat' dir='ltr'>indeimprellam</span> <span class='ocrx_word' id='word_1_226' title='bbox 815 3399 1141 3510; x_wconf 89' lang='lat' dir='ltr'>augetur,donec</span> <span class='ocrx_word' id='word_1_227' title='bbox 1159 3427 1267 3485; x_wconf 88' lang='lat' dir='ltr'>mare</span> <span class='ocrx_word' id='word_1_228' title='bbox 1281 3401 1331 3485; x_wconf 93' lang='lat' dir='ltr'>ad</span> <span class='ocrx_word' id='word_1_229' title='bbox 1347 3401 1604 3490; x_wconf 88' lang='lat' dir='ltr'>altitudinem</span> <span class='ocrx_word' id='word_1_230' title='bbox 1617 3403 1830 3486; x_wconf 85' lang='lat' dir='ltr'>maximam</span> <span class='ocrx_word' id='word_1_231' title='bbox 1844 3403 2034 3490; x_wconf 87' lang='lat' dir='ltr'>ascende·</span> 
     </span>
     <span class='ocr_line' id='line_1_25' title="bbox 473 3522 2034 3640; baseline 0.001 -28"><span class='ocrx_word' id='word_1_232' title='bbox 473 3529 541 3628; x_wconf 87' lang='lat' dir='ltr'>rit,</span> <span class='ocrx_word' id='word_1_233' title='bbox 574 3531 617 3614; x_wconf 94' lang='lat' dir='ltr'>id</span> <span class='ocrx_word' id='word_1_234' title='bbox 650 3527 762 3640; x_wconf 92' lang='lat' dir='ltr'>quod</span> <span class='ocrx_word' id='word_1_235' title='bbox 788 3523 858 3610; x_wconf 88' lang='lat' dir='ltr'>fiet</span> <span class='ocrx_word' id='word_1_236' title='bbox 886 3522 1014 3632; x_wconf 89' lang='lat' dir='ltr'>spatio</span> <span class='ocrx_word' id='word_1_237' title='bbox 1037 3524 1149 3606; x_wconf 84' lang='lat' dir='ltr'>borae</span> <span class='ocrx_word' id='word_1_238' title='bbox 1176 3525 1291 3608; x_wconf 90' lang='lat' dir='ltr'>unius</span> <span class='ocrx_word' id='word_1_239' title='bbox 1314 3524 1539 3608; x_wconf 90' lang='lat' dir='ltr'>duarumve</span> <span class='ocrx_word' id='word_1_240' title='bbox 1571 3523 1641 3610; x_wconf 92' lang='lat' dir='ltr'>sed</span> <span class='ocrx_word' id='word_1_241' title='bbox 1660 3523 1803 3636; x_wconf 86' lang='lat' dir='ltr'>saepius</span> <span class='ocrx_word' id='word_1_242' title='bbox 1830 3527 1882 3610; x_wconf 91' lang='lat' dir='ltr'>ad</span> <span class='ocrx_word' id='word_1_243' title='bbox 1902 3529 2034 3613; x_wconf 91' lang='lat' dir='ltr'>littora</span> 
     </span>
     <span class='ocr_line' id='line_1_26' title="bbox 471 3645 2034 3756; baseline 0 -24"><span class='ocrx_word' id='word_1_244' title='bbox 471 3647 599 3755; x_wconf 90' lang='lat' dir='ltr'>spatio</span> <span class='ocrx_word' id='word_1_245' title='bbox 620 3653 810 3732; x_wconf 88' lang='lat' dir='ltr'>horarum</span> <span class='ocrx_word' id='word_1_246' title='bbox 825 3645 948 3725; x_wconf 88' lang='lat' dir='ltr'>trium</span> <span class='ocrx_word' id='word_1_247' title='bbox 968 3645 1145 3742; x_wconf 88' lang='lat' dir='ltr'>circiter,</span> <span class='ocrx_word' id='word_1_248' title='bbox 1174 3649 1238 3729; x_wconf 87' lang='lat' dir='ltr'>vel</span> <span class='ocrx_word' id='word_1_249' title='bbox 1258 3649 1379 3730; x_wconf 90' lang='lat' dir='ltr'>etiam</span> <span class='ocrx_word' id='word_1_250' title='bbox 1401 3648 1577 3756; x_wconf 92' lang='lat' dir='ltr'>plurium</span> <span class='ocrx_word' id='word_1_251' title='bbox 1595 3648 1751 3733; x_wconf 84' lang='lat' dir='ltr'>fimare</span> <span class='ocrx_word' id='word_1_252' title='bbox 1771 3647 1817 3734; x_wconf 87' lang='lat' dir='ltr'>fit</span> <span class='ocrx_word' id='word_1_253' title='bbox 1832 3652 2034 3737; x_wconf 90' lang='lat' dir='ltr'>vadosum.</span> 
     </span>
    </p>

    <p class='ocr_par' dir='ltr' id='par_1_7' title="bbox 468 3767 2143 4882">
     <span class='ocr_line' id='line_1_27' title="bbox 528 3767 2034 3884; baseline 0 -24"><span class='ocrx_word' id='word_1_254' title='bbox 528 3775 673 3860; x_wconf 89' lang='lat' dir='ltr'>Motus</span> <span class='ocrx_word' id='word_1_255' title='bbox 701 3791 836 3854; x_wconf 90' lang='lat' dir='ltr'>autem</span> <span class='ocrx_word' id='word_1_256' title='bbox 859 3767 962 3862; x_wconf 88' lang='lat' dir='ltr'>bini,</span> <span class='ocrx_word' id='word_1_257' title='bbox 997 3795 1100 3884; x_wconf 90' lang='lat' dir='ltr'>quos</span> <span class='ocrx_word' id='word_1_258' title='bbox 1130 3771 1339 3854; x_wconf 87' lang='lat' dir='ltr'>luminaria</span> <span class='ocrx_word' id='word_1_259' title='bbox 1366 3771 1452 3856; x_wconf 92' lang='lat' dir='ltr'>duo</span> <span class='ocrx_word' id='word_1_260' title='bbox 1486 3775 1681 3870; x_wconf 85' lang='lat' dir='ltr'>excitant,</span> <span class='ocrx_word' id='word_1_261' title='bbox 1708 3775 1795 3858; x_wconf 91' lang='lat' dir='ltr'>non</span> <span class='ocrx_word' id='word_1_262' title='bbox 1817 3798 2034 3861; x_wconf 89' lang='lat' dir='ltr'>cernentur</span> 
     </span>
     <span class='ocr_line' id='line_1_28' title="bbox 474 3892 2034 4004; baseline -0.003 -15"><span class='ocrx_word' id='word_1_263' title='bbox 474 3899 672 3994; x_wconf 75' lang='lat' dir='ltr'>distinete,</span> <span class='ocrx_word' id='word_1_264' title='bbox 709 3894 776 3978; x_wconf 90' lang='lat' dir='ltr'>sed</span> <span class='ocrx_word' id='word_1_265' title='bbox 805 3914 964 3976; x_wconf 89' lang='lat' dir='ltr'>motum</span> <span class='ocrx_word' id='word_1_266' title='bbox 995 3892 1201 4004; x_wconf 89' lang='lat' dir='ltr'>quendam</span> <span class='ocrx_word' id='word_1_267' title='bbox 1237 3898 1409 3981; x_wconf 87' lang='lat' dir='ltr'>mixtum</span> <span class='ocrx_word' id='word_1_268' title='bbox 1441 3893 1636 3982; x_wconf 90' lang='lat' dir='ltr'>efficient.</span> <span class='ocrx_word' id='word_1_269' title='bbox 1708 3897 1753 3981; x_wconf 94' lang='lat' dir='ltr'>ln</span> <span class='ocrx_word' id='word_1_270' title='bbox 1780 3900 2034 3985; x_wconf 88' lang='lat' dir='ltr'>luminarium</span> 
     </span>
     <span class='ocr_line' id='line_1_29' title="bbox 470 4017 2033 4135; baseline -0.001 -24"><span class='ocrx_word' id='word_1_271' title='bbox 470 4020 758 4135; x_wconf 69' lang='lat' dir='ltr'>conjunslione</span> <span class='ocrx_word' id='word_1_272' title='bbox 785 4019 849 4100; x_wconf 91' lang='lat' dir='ltr'>vel</span> <span class='ocrx_word' id='word_1_273' title='bbox 877 4017 1130 4127; x_wconf 85' lang='lat' dir='ltr'>opposrtione</span> <span class='ocrx_word' id='word_1_274' title='bbox 1152 4022 1450 4130; x_wconf 85' lang='lat' dir='ltr'>conjungentur</span> <span class='ocrx_word' id='word_1_275' title='bbox 1476 4051 1619 4108; x_wconf 91' lang='lat' dir='ltr'>eorum</span> <span class='ocrx_word' id='word_1_276' title='bbox 1648 4019 1829 4120; x_wconf 74' lang='lat' dir='ltr'>effelius,</span> <span class='ocrx_word' id='word_1_277' title='bbox 1859 4025 1903 4108; x_wconf 77' lang='lat' dir='ltr'>dt</span> <span class='ocrx_word' id='word_1_278' title='bbox 1927 4053 2033 4109; x_wconf 92' lang='lat' dir='ltr'>com·</span> 
     </span>
     <span class='ocr_line' id='line_1_30' title="bbox 473 4143 2035 4265; baseline -0.006 -27"><span class='ocrx_word' id='word_1_279' title='bbox 473 4171 650 4265; x_wconf 89' lang='lat' dir='ltr'>ponetur</span> <span class='ocrx_word' id='word_1_280' title='bbox 677 4145 878 4230; x_wconf 83' lang='lat' dir='ltr'>fluxus&amp;</span> <span class='ocrx_word' id='word_1_281' title='bbox 909 4143 1088 4230; x_wconf 83' lang='lat' dir='ltr'>relluxus</span> <span class='ocrx_word' id='word_1_282' title='bbox 1119 4148 1326 4230; x_wconf 82' lang='lat' dir='ltr'>maximus.</span> <span class='ocrx_word' id='word_1_283' title='bbox 1383 4145 1426 4230; x_wconf 93' lang='lat' dir='ltr'>ln</span> <span class='ocrx_word' id='word_1_284' title='bbox 1453 4149 1707 4261; x_wconf 91' lang='lat' dir='ltr'>quadraturis</span> <span class='ocrx_word' id='word_1_285' title='bbox 1737 4148 1794 4231; x_wconf 93' lang='lat' dir='ltr'>sol</span> <span class='ocrx_word' id='word_1_286' title='bbox 1821 4151 1975 4232; x_wconf 87' lang='lat' dir='ltr'>attollet</span> <span class='ocrx_word' id='word_1_287' title='bbox 1992 4177 2035 4229; x_wconf 88' lang='lat' dir='ltr'>a·</span> 
     </span>
     <span class='ocr_line' id='line_1_31' title="bbox 473 4265 2143 4387; baseline -0.004 -28"><span class='ocrx_word' id='word_1_288' title='bbox 473 4301 595 4387; x_wconf 91' lang='lat' dir='ltr'>quam</span> <span class='ocrx_word' id='word_1_289' title='bbox 615 4269 685 4353; x_wconf 92' lang='lat' dir='ltr'>ubi</span> <span class='ocrx_word' id='word_1_290' title='bbox 704 4271 793 4352; x_wconf 91' lang='lat' dir='ltr'>luna</span> <span class='ocrx_word' id='word_1_291' title='bbox 807 4269 1015 4384; x_wconf 89' lang='lat' dir='ltr'>deprimit,</span> <span class='ocrx_word' id='word_1_292' title='bbox 1038 4270 1323 4380; x_wconf 89' lang='lat' dir='ltr'>deprimetque</span> <span class='ocrx_word' id='word_1_293' title='bbox 1344 4269 1414 4354; x_wconf 93' lang='lat' dir='ltr'>ubi</span> <span class='ocrx_word' id='word_1_294' title='bbox 1429 4271 1521 4354; x_wconf 92' lang='lat' dir='ltr'>luna</span> <span class='ocrx_word' id='word_1_295' title='bbox 1539 4273 1687 4355; x_wconf 92' lang='lat' dir='ltr'>attollit</span> <span class='ocrx_word' id='word_1_296' title='bbox 1707 4307 1719 4367; x_wconf 88' lang='lat'>;</span> <span class='ocrx_word' id='word_1_297' title='bbox 1746 4271 1788 4354; x_wconf 75' lang='grc' dir='ltr'>ἅτ</span> <span class='ocrx_word' id='word_1_298' title='bbox 1801 4298 1853 4354; x_wconf 89' lang='lat' dir='ltr'>ex</span> <span class='ocrx_word' id='word_1_299' title='bbox 1868 4265 2036 4354; x_wconf 71' lang='lat' dir='ltr'>effectu·</span> <span class='ocrx_word' id='word_1_300' title='bbox 2142 4265 2143 4269; x_wconf 56' lang='lat'><em>&#39;</em></span> 
     </span>
     <span class='ocr_line' id='line_1_32' title="bbox 474 4391 2036 4507; baseline -0.003 -27"><span class='ocrx_word' id='word_1_301' title='bbox 474 4423 545 4481; x_wconf 93' lang='lat' dir='ltr'>um</span> <span class='ocrx_word' id='word_1_302' title='bbox 569 4391 796 4478; x_wconf 88' lang='lat' dir='ltr'>differentia</span> <span class='ocrx_word' id='word_1_303' title='bbox 818 4394 931 4474; x_wconf 86' lang='lat' dir='ltr'>aellos</span> <span class='ocrx_word' id='word_1_304' title='bbox 952 4395 1135 4477; x_wconf 93' lang='lat' dir='ltr'>omnium</span> <span class='ocrx_word' id='word_1_305' title='bbox 1158 4395 1347 4477; x_wconf 88' lang='lat' dir='ltr'>minimus</span> <span class='ocrx_word' id='word_1_306' title='bbox 1373 4395 1540 4478; x_wconf 91' lang='lat' dir='ltr'>orietur.</span> <span class='ocrx_word' id='word_1_307' title='bbox 1595 4393 1651 4478; x_wconf 81' lang='lat' dir='ltr'>Et</span> <span class='ocrx_word' id='word_1_308' title='bbox 1680 4395 1878 4507; x_wconf 86' lang='lat' dir='ltr'>quoniam,</span> <span class='ocrx_word' id='word_1_309' title='bbox 1908 4417 2036 4502; x_wconf 84' lang='lat' dir='ltr'>expe·</span> 
     </span>
     <span class='ocr_line' id='line_1_33' title="bbox 468 4513 2142 4629; baseline -0.003 -25"><span class='ocrx_word' id='word_1_310' title='bbox 468 4519 617 4616; x_wconf 81' lang='lat' dir='ltr'>rientia</span> <span class='ocrx_word' id='word_1_311' title='bbox 636 4517 748 4612; x_wconf 91' lang='lat' dir='ltr'>telle,</span> <span class='ocrx_word' id='word_1_312' title='bbox 778 4516 903 4623; x_wconf 87' lang='lat' dir='ltr'>major</span> <span class='ocrx_word' id='word_1_313' title='bbox 925 4517 981 4598; x_wconf 89' lang='lat' dir='ltr'>est</span> <span class='ocrx_word' id='word_1_314' title='bbox 1003 4513 1167 4603; x_wconf 69' lang='lat' dir='ltr'>effesius</span> <span class='ocrx_word' id='word_1_315' title='bbox 1186 4519 1292 4600; x_wconf 84' lang='lat' dir='ltr'>lunae</span> <span class='ocrx_word' id='word_1_316' title='bbox 1312 4543 1433 4628; x_wconf 92' lang='lat' dir='ltr'>quam</span> <span class='ocrx_word' id='word_1_317' title='bbox 1458 4517 1563 4616; x_wconf 87' lang='lat' dir='ltr'>solis,</span> <span class='ocrx_word' id='word_1_318' title='bbox 1591 4519 1745 4602; x_wconf 89' lang='lat' dir='ltr'>incidet</span> <span class='ocrx_word' id='word_1_319' title='bbox 1766 4541 1880 4629; x_wconf 84' lang='lat' dir='ltr'>aquae</span> <span class='ocrx_word' id='word_1_320' title='bbox 1909 4517 2036 4600; x_wconf 82' lang='lat' dir='ltr'>maxi·</span> <span class='ocrx_word' id='word_1_321' title='bbox 2141 4547 2142 4562; x_wconf 62' lang='lat'>³</span> 
     </span>
     <span class='ocr_line' id='line_1_34' title="bbox 469 4638 2036 4753; baseline -0.008 -21"><span class='ocrx_word' id='word_1_322' title='bbox 469 4671 538 4732; x_wconf 83' lang='lat' dir='ltr'>ma</span> <span class='ocrx_word' id='word_1_323' title='bbox 560 4641 732 4724; x_wconf 90' lang='lat' dir='ltr'>altitudo</span> <span class='ocrx_word' id='word_1_324' title='bbox 752 4641 792 4724; x_wconf 93' lang='lat' dir='ltr'>in</span> <span class='ocrx_word' id='word_1_325' title='bbox 815 4643 955 4723; x_wconf 91' lang='lat' dir='ltr'>horam</span> <span class='ocrx_word' id='word_1_326' title='bbox 987 4642 1146 4724; x_wconf 88' lang='lat' dir='ltr'>tertiam</span> <span class='ocrx_word' id='word_1_327' title='bbox 1177 4643 1358 4725; x_wconf 89' lang='lat' dir='ltr'>lunarem</span> <span class='ocrx_word' id='word_1_328' title='bbox 1387 4643 1562 4726; x_wconf 86' lang='lat' dir='ltr'>circiter.</span> <span class='ocrx_word' id='word_1_329' title='bbox 1629 4639 1758 4726; x_wconf 84' lang='lat' dir='ltr'>Extra</span> <span class='ocrx_word' id='word_1_330' title='bbox 1783 4641 1963 4753; x_wconf 83' lang='lat' dir='ltr'>syzygias</span> <span class='ocrx_word' id='word_1_331' title='bbox 1993 4638 2036 4720; x_wconf 83' lang='lat' dir='ltr'>dc</span> 
     </span>
     <span class='ocr_line' id='line_1_35' title="bbox 471 4763 2035 4882; baseline -0.005 -31"><span class='ocrx_word' id='word_1_332' title='bbox 471 4766 749 4882; x_wconf 89' lang='lat' dir='ltr'>quadraturas,</span> <span class='ocrx_word' id='word_1_333' title='bbox 778 4765 890 4848; x_wconf 88' lang='lat' dir='ltr'>aellus</span> <span class='ocrx_word' id='word_1_334' title='bbox 911 4767 1107 4847; x_wconf 87' lang='lat' dir='ltr'>maximus</span> <span class='ocrx_word' id='word_1_335' title='bbox 1127 4767 1198 4878; x_wconf 91' lang='lat' dir='ltr'>qui</span> <span class='ocrx_word' id='word_1_336' title='bbox 1217 4765 1296 4850; x_wconf 92' lang='lat' dir='ltr'>sola</span> <span class='ocrx_word' id='word_1_337' title='bbox 1316 4767 1354 4848; x_wconf 88' lang='lat' dir='ltr'>vi</span> <span class='ocrx_word' id='word_1_338' title='bbox 1376 4767 1505 4850; x_wconf 92' lang='lat' dir='ltr'>lunari</span> <span class='ocrx_word' id='word_1_339' title='bbox 1530 4767 1714 4851; x_wconf 89' lang='lat' dir='ltr'>incidere</span> <span class='ocrx_word' id='word_1_340' title='bbox 1734 4767 1895 4878; x_wconf 90' lang='lat' dir='ltr'>semper</span> <span class='ocrx_word' id='word_1_341' title='bbox 1919 4763 2035 4847; x_wconf 90' lang='lat' dir='ltr'>debe·</span> 
     </span>
    </p>
   </div>
   <div class='ocr_carea' id='block_1_7' title="bbox 339 4889 2140 5093">
    <p class='ocr_par' dir='ltr' id='par_1_8' title="bbox 339 4889 2140 5093">
     <span class='ocr_line' id='line_1_36' title="bbox 339 4889 2036 4989; baseline -0.008 -11"><span class='ocrx_word' id='word_1_342' title='bbox 339 4937 351 4944; x_wconf 48' lang='lat'><em>⁴</em></span> <span class='ocrx_word' id='word_1_343' title='bbox 470 4912 535 4988; x_wconf 83' lang='lat' dir='ltr'>ret</span> <span class='ocrx_word' id='word_1_344' title='bbox 561 4890 603 4974; x_wconf 91' lang='lat' dir='ltr'>in</span> <span class='ocrx_word' id='word_1_345' title='bbox 633 4893 773 4976; x_wconf 88' lang='lat' dir='ltr'>horam</span> <span class='ocrx_word' id='word_1_346' title='bbox 803 4891 962 4982; x_wconf 87' lang='lat' dir='ltr'>tertiam</span> <span class='ocrx_word' id='word_1_347' title='bbox 1002 4891 1196 4989; x_wconf 89' lang='lat' dir='ltr'>lunarem,</span> <span class='ocrx_word' id='word_1_348' title='bbox 1240 4889 1283 4974; x_wconf 76' lang='lat' dir='ltr'>dt</span> <span class='ocrx_word' id='word_1_349' title='bbox 1325 4891 1406 4978; x_wconf 85' lang='lat' dir='ltr'>sola</span> <span class='ocrx_word' id='word_1_350' title='bbox 1441 4891 1556 4977; x_wconf 92' lang='lat' dir='ltr'>solari</span> <span class='ocrx_word' id='word_1_351' title='bbox 1586 4893 1627 4978; x_wconf 92' lang='lat' dir='ltr'>in</span> <span class='ocrx_word' id='word_1_352' title='bbox 1663 4892 1826 4977; x_wconf 90' lang='lat' dir='ltr'>tertiam</span> <span class='ocrx_word' id='word_1_353' title='bbox 1859 4891 2036 4980; x_wconf 90' lang='lat' dir='ltr'>solarem,</span> 
     </span>
     <span class='ocr_line' id='line_1_37' title="bbox 1925 5033 2140 5093; baseline -0.019 0"><span class='ocrx_word' id='word_1_354' title='bbox 1925 5033 2037 5093; x_wconf 83' lang='lat' dir='ltr'>conr-</span> <span class='ocrx_word' id='word_1_355' title='bbox 2139 5071 2140 5079; x_wconf 14' lang='lat' dir='ltr'>a</span> 
     </span>
    </p>
   </div>
   <div class='ocr_carea' id='block_1_8' title="bbox 0 0 2191 5646">
    <p class='ocr_par' dir='ltr' id='par_1_9' title="bbox 0 0 2191 5646">
     <span class='ocr_line' id='line_1_38' title="bbox 0 0 2191 5646; baseline 0 0"><span class='ocrx_word' id='word_1_356' title='bbox 0 0 2191 5646; x_wconf 95' lang='lat' dir='ltr'> </span> 
     </span>
    </p>
   </div>
  </div>
 </body>
</html>
