4336 5656
456 213 554 312 128
717 199 1246 314 PHILOSOPHIAE
1289 201 1756 308 NATURALIS

228 385 285 450 1³¹
301 387 423 450 Moru
453 379 580 467 obibit
603 381 648 468 in
666 379 883 468 infinitum.
937 375 994 464 Et
1012 395 1171 476 contro,
1199 373 1396 484 licorpus
1416 395 1661 486 quacunque
1684 393 1780 458 cum
1807 367 2050 456 velocitate

232 470 279 532 ⁰⁰
282 485 413 533 ⁰⁰⁰⁰⁰⁰
452 523 572 590 exeat
600 503 775 590 deloco
803 499 855 600 V,
892 497 937 584 δι
964 497 1137 612 perinde
1165 515 1212 585 ut
1244 495 1465 608 incoeperit
1492 495 1559 580 vel
1583 493 1751 608 oblique
1776 491 2052 578 descendere

446 625 498 712 ad
526 645 730 726 centrum,
767 627 831 712 vel
859 625 908 710 ab
936 648 988 708 eo
1013 623 1180 734 oblique
1210 619 1265 707 ns·
1678 653 1703 728 ,ς

445 748 642 850 condere,
692 749 820 864 figura
855 749 902 830 V
909 749 950 834 R
968 747 1002 834 S
1023 749 1089 834 vel
1117 749 1264 860 hyper·

446 868 541 960 bole
568 875 615 962 lit
639 874 703 960 vel
737 873 893 985 ellipsis,
929 870 1103 960 inveniri
1133 867 1266 984 potest

448 995 676 1106 trojeciorio
710 997 902 1109 eugendo
941 999 1008 1086 vel
1038 998 1265 1086 minuendo

447 1127 643 1236 angulum
669 1130 761 1216 VC
768 1127 810 1210 P
836 1128 880 1215 in
914 1129 1010 1218 date
1040 1128 1173 1240 aliquo
1207 1147 1265 1207 ro·
1295 1125 1324 1186 V

447 1249 574 1339 tione.
630 1249 712 1340 Sed
731 1251 789 1353 dc,
810 1255 851 1340 vi
868 1267 1094 1370 centripett
1113 1254 1156 1338 in
1174 1275 1266 1334 cen·

447 1379 642 1489 trifugtm
671 1379 796 1483 verli,
829 1379 1019 1472 ascendet
1046 1401 1195 1488 corpus
1219 1407 1267 1465 o·

449 1503 592 1620 blique
610 1507 655 1594 iu
674 1507 899 1620 trajeiioria
926 1509 973 1593 V
975 1509 1076 1634 PQ,
1103 1533 1195 1622 quae
1206 1509 1266 1594 in·

450 1633 616 1722 venitur
641 1633 844 1748 capiendo
868 1638 1061 1748 angulum
1075 1631 1191 1718 VO?
1208 1632 1268 1719 se·
1299 1689 1325 1750 ς
1482 1707 1511 1768 P

451 1757 557 1850 flori
584 1763 768 1873 elliptico
797 1762 893 1847 VR
913 1762 950 1848 C
982 1763 1265 1872 proportiona-
1342 1711 1511 1800 N'

452 1889 552 1987 lem,
579 1886 949 1996 &longitudinem
976 1887 1062 1974 CP
1092 1888 1266 1996 longitu·
1362 1813 1494 1941 os
1512 1877 1570 1942 ‘Q
2124 1919 2127 2066 η

456 2013 548 2098 dini
581 2011 620 2100 C
626 2005 668 2094 T
687 2010 884 2124 aequtlem
911 2029 957 2095 ut
983 2010 1111 2124 supro.
1166 2010 1487 2129 Conscquuntur
1513 2013 1603 2098 lraec
1632 2013 1771 2100 omnio
1797 2037 1853 2100 ex
1881 2039 2035 2128 propo

459 2137 607 2224 {itione
631 2135 908 2250 praecedente,
933 2161 1008 2250 per
1034 2160 1171 2224 curve
1191 2137 1399 2252 cujusdam
1429 2139 1732 2255 quadraturam,
1759 2139 1875 2252 cujus
1893 2142 2032 2228 inven·

457 2265 629 2362 tionem,
655 2285 702 2350 ut
723 2262 813 2350 satis
830 2264 1005 2366 facilem,
1031 2264 1240 2352 brevitatis
1258 2266 1387 2378 gratia
1413 2261 1567 2352 millam
1591 2264 1712 2352 focio.

1577 829 1616 894 Β

1295 1333 1323 1390 Τ

554 2477 1036 2576 PROPOSITIO
1071 2481 1219 2581 XLII.
1293 2483 1707 2580 PROBLEMA
1743 2485 1927 2580 XXIX.

462 2645 599 2752 Data
636 2642 730 2778 lege
768 2643 835 2746 vis
869 2645 1134 2801 centrspctae,
1171 2647 1418 2902 reguntur
1448 2673 1584 2748 motus
1626 2648 1814 2786 corporis
1852 2646 1907 2745 dr
1948 2641 2029 2743 loco

467 2855 472 2862 -
517 2783 636 2906 dato,
661 2783 771 2882 data
793 2823 892 2884 cum
913 2783 1225 2909 oelocttate,se
1278 2785 1414 2884 ndum
1434 2783 1592 2885 datam
1615 2785 1785 2887 reddam
1809 2782 1976 2922 egreffi.

414 2951 424 2968 '
520 2945 726 3040 Stantibus
759 2971 853 3062 quae
886 2949 929 3036 in
961 2949 1090 3037 tribus
1129 2948 1475 3066 propofitionibus
1510 2951 1863 3066 precedentibus:
1917 2968 2030 3038 exeat
2130 2951 2132 3042 l

467 4945 616 5036 corpus
648 4927 701 5016 de
731 4927 827 5016 loco
859 4923 888 5012 Ι
901 4921 1126 5012 secundum
1151 4921 1342 5014 lineolam
1359 4923 1390 5008 I
1395 4923 1453 5027 K,
1479 4949 1528 5013 ea
1555 4945 1650 5014 eum
1677 4919 2036 5118 velocitatecqurn}

1917 5060 2016 5144 orpu
