4450 5674
476 295 534 358 η
740 191 1265 362 sumomonte
1313 261 1767 362 Nnruuntrs

246 427 461 565 ffiffm
480 433 525 518 dc
551 435 730 520 faciebus
765 436 956 550 oppositis
983 461 1075 548 quae
1101 437 1355 546 precedunt,
1394 433 1709 545 cognosceretur
1748 435 2077 524 determinatio

346 549 353 568 '
478 580 628 645 motus.
689 559 734 644 ln
765 563 873 646 hunc
903 561 1076 646 modum
1103 561 1276 645 inveniri
1308 558 1438 672 pollet
1469 559 1512 644 δι
1539 563 1740 674 quantitas
1765 560 1809 646 dc
1847 559 2080 648 determi-

477 689 590 772 natio
622 704 757 768 rnotus
790 687 905 794 hujus
941 685 1145 770 circularis
1171 685 1214 770 in
1243 712 1374 771 vacuo
1407 687 1553 797 quovis
1580 685 1804 785 immenso,
1843 685 1923 772 ubi
1959 688 2080 774 nihil

458 821 637 896 'extaret
667 833 883 898 externum
918 811 961 894 dt
988 811 1163 897 sensibile
1189 837 1370 924 quocum
1407 813 1518 920 globi
1550 811 1728 897 conferri
1760 811 1940 922 pollent.
2026 815 2077 898 Si

475 937 559 1047 ja'rn
590 936 928 1032 constituerentur
957 939 998 1022 in
1025 937 1153 1049 spatio
1182 939 1252 1020 illo
1285 961 1459 1047 corpora
1489 937 1619 1049 aliqua
1655 935 1873 1048 longinqua
1907 939 2075 1024 datam

338 1051 348 1060 ”
478 1066 585 1150 inter
611 1065 651 1150 se
678 1065 918 1177 positionem
949 1064 1158 1161 servantia,
1196 1062 1328 1176 qualia
1358 1063 1448 1148 sunt
1479 1063 1598 1149 stella
1625 1061 1718 1146 fixae
1745 1064 1787 1147 in
1807 1065 2073 1172 regionibus

479 1192 710 1276 coelorum:
739 1190 830 1276 sciri
849 1191 1017 1304 quidem
1037 1216 1121 1277 non
1142 1185 1269 1301 pollet
1291 1214 1344 1274 ex
1363 1188 1528 1272 relativa
1547 1187 1765 1296 globorum
1781 1187 2070 1276 transsatione

477 1319 584 1404 inter
616 1344 810 1429 corpora,
847 1341 984 1403 utrum
1013 1317 1072 1402 his
1102 1343 1153 1402 an
1184 1316 1259 1400 illis
1287 1313 1526 1400 tribuendus
1558 1312 1655 1398 esset
1690 1333 1837 1399 motus
1919 1320 1992 1400 At
2037 1317 2068 1400 sr

478 1441 757 1530 attenderetur
777 1443 972 1540 edilium,
992 1441 1035 1524 de
1055 1438 1430 1555 deprehenderetur
1448 1436 1669 1522 tenfionem
1694 1437 1778 1546 ejus
1796 1439 1902 1522 illatn
1919 1439 2067 1550 ipsam

478 1567 717 1678 essequam
761 1587 896 1651 motus
932 1569 1148 1679 globorum
1185 1566 1451 1678 requireret;
1495 1561 1743 1648 concludere
1776 1565 1919 1650 liceret
1961 1591 2063 1652 mo-

479 1710 569 1780 turn
605 1692 686 1780 esse
719 1694 970 1806 globorum,
1016 1694 1060 1778 dc
1097 1718 1270 1805 corpora
1311 1689 1551 1804 quiescere3
1589 1689 1632 1774 &
1664 1707 1752 1776 tum
1787 1689 1965 1777 dentum
2003 1719 2063 1786 ex

479 1821 737 1910 transsatione
764 1824 982 1932 globorum
1014 1823 1120 1907 inter
1154 1844 1350 1931 corpora,
1382 1817 1766 1906 determinationem
1804 1818 1921 1926 hujus
1962 1845 2061 1904 mo·

480 1968 545 2034 tus
569 1949 773 2057 colligere.
830 1943 975 2031 Motus
1007 1967 1142 2031 autem
1177 1970 1294 2029 veros
1319 1970 1373 2028 ex
1396 1970 1540 2030 eorum
1565 1945 1701 2045 causis,
1735 1941 1967 2042 effetlibus,
2011 1945 2060 2028 dc

478 2071 763 2184 apparentibus
798 2069 1037 2160 differentiis
1069 2071 1293 2180 colligere,
1331 2066 1376 2150 ἃ
1401 2090 1543 2155 contra
1567 2096 1621 2155 ex
1645 2071 1823 2155 motibus
1848 2071 1916 2153 seu
1938 2071 2057 2152 veris

480 2196 551 2281 seu
581 2197 860 2306 apparentibus
892 2223 1035 2282 eorum
1068 2193 1200 2280 causas
1225 2193 1269 2278 δι
1304 2189 1485 2292 effossus,
1522 2195 1738 2279 docebitur
1768 2191 1887 2278 fufius
1914 2193 1960 2274 in
1988 2191 2053 2274 se-

481 2323 710 2436 quentibus.
764 2323 893 2412 Hunc
923 2325 1033 2412 enim
1061 2322 1105 2408 in
1130 2319 1254 2410 finem
1275 2320 1488 2408 crassatum
1515 2321 1751 2434 sequentem
1774 2315 2005 2430 composui
