4450 5674
453 211 487 320 6
720 220 1248 328 PlllLOSOPHlAE
1293 232 1750 342 NATURALIS

221 385 441 530 ffijfflss·
516 393 649 483 Porro
668 393 926 484 attrasliones
945 400 990 488 dc
1015 405 1207 516 impulsus
1235 412 1385 498 eodem
1409 410 1522 496 sensu
1550 413 1851 501 acceleratrices
1870 413 1919 500 dc
1949 439 2058 504 mo·

221 538 229 548 ·
322 511 331 534 ’
455 524 578 610 trices
618 527 801 612 nomino.
870 525 1009 616 Voces
1041 555 1175 622 autem
1204 539 1478 637 artraslionis,
1514 541 1718 652 impulsus,
1754 545 1820 628 vel
1847 569 2058 654 propen-

451 651 572 740 sionis
591 648 865 767 cujuscunque
892 655 935 740 in
955 679 1158 758 centrum,
1195 664 1478 755 indifferenter
1507 664 1551 748 δι
1580 693 1655 778 pro
1682 667 1722 754 se
1754 691 1900 754 mutuo
1940 697 2056 782 pro·

448 782 605 869 miscue
623 780 800 894 ul'urpoa
838 781 907 866 has
930 783 1036 870 vires
1065 813 1148 870 non
1171 790 1332 902 physice
1350 793 1420 878 sed
1441 794 1726 880 mathematice
1746 815 1903 882 tantum
1928 823 2056 888 con-

454 911 682 999 fiderando.
738 910 862 996 Unde
887 933 1027 996 caveat
1052 913 1192 1014 leslor,
1219 943 1271 1002 ne
1290 943 1362 1030 per
1386 919 1617 1027 hujusmodi
1634 948 1757 1008 voces
1777 929 1940 1036 cogitet
1968 955 2050 1016 me

453 1035 628 1150 speciem
651 1041 715 1124 vel
745 1039 915 1126 modum
947 1041 1113 1126 astionis
1146 1045 1355 1129 causamve
1389 1065 1458 1129 aut
1493 1045 1693 1132 rationem
1722 1051 1928 1164 phyficam
1966 1060 2048 1143 ali·

452 1165 550 1252 cubi
569 1166 754 1265 delinire,
780 1169 845 1252 vel
864 1169 1014 1254 centris
1044 1173 1156 1282 (quae
1183 1172 1272 1256 sunt
1293 1167 1439 1283 punsla
1458 1171 1760 1286 mathematica)
1798 1179 1903 1266 vires
1926 1209 2045 1272 vere

453 1291 499 1378 dc
524 1293 684 1510 91]γὲοε
681 1295 925 1510 gibbum
962 1295 994 1384 st
1020 1295 1130 1384 sorte
1157 1319 1227 1384 aut
1248 1317 1387 1386 centra
1417 1299 1596 1402 trabere,
1629 1321 1700 1390 aut
1726 1303 1831 1394 vires
1857 1328 2044 1398 centro·

451 1443 547 1510 tutu
576 1449 600 1510 e
633 1449 657 1512 e
780 1447 840 1509 ru.

1120 1645 1354 1753 ascholium.

504 1919 719 2013 Haslenus
752 1949 878 2012 voces
906 1920 1039 2012 minus
1068 1941 1206 2024 notas,
1245 1951 1334 2040 quo
1361 1921 1476 2013 sensu
1509 1921 1842 2048 insequentibus
1872 1940 2032 2055 accipi.

447 2053 571 2140 endu
609 2053 710 2150 sint,
763 2052 968 2161 explicare
1007 2049 1141 2136 visum·
1173 2047 1243 2136 est.
1329 2047 1540 2163 Tempus,
1585 2053 1787 2166 spatium,
1825 2062 1941 2149 locus
1978 2064 2032 2153 dc

450 2197 604 2278 motus,
649 2177 739 2264 sunt
774 2177 962 2264 omnibus
994 2173 1208 2264 notissima.
1274 2173 1517 2263 Notandum
1545 2197 1695 2280 tamen,
1729 2185 1843 2298 quod
1875 2191 2027 2302 vulgus

449 2307 695 2423 quantitates
715 2306 831 2392 hasce
850 2332 933 2391 uon
962 2306 1076 2390 aliter
1091 2327 1217 2418 quam
1235 2328 1290 2390 ex
1307 2305 1504 2390 relatione
1516 2305 1569 2391 ad
1589 2306 1782 2395 sensibilia
1801 2315 2025 2427 concipiat.

449 2428 507 2517 Et
541 2429 641 2517 inde
671 2430 858 2515 oriuntur
898 2425 1132 2540 prejudicio
1160 2425 1374 2542 quedam,
1418 2426 1566 2540 quibus
1603 2431 1794 2517 tollendis
1821 2443 2026 2530 convenit

438 2555 613 2646 'easdem
638 2556 682 2642 in
709 2552 965 2640 absolutas&
991 2551 1189 2650 relativas,
1215 2575 1329 2638 veras
1355 2547 1400 2635 dc
1430 2571 1680 2664 apparentes,
1715 2555 2025 2656 mathematicas

447 2685 705 2794 &vulgares
734 2681 937 2792 dillingui.

502 2813 534 2906 l.
559 2813 747 2924 Tempus
765 2811 1005 2908 absolutum,
1032 2829 1189 2907 vetum,
1226 2803 1271 2892 dt
1288 2801 1638 2907 mathematicum,
1676 2809 1781 2897 inse
1810 2809 2022 2909 &natura

448 2937 519 3030 tua
547 2937 630 3025 line
660 2939 856 3026 relatione
884 2937 936 3022 ad
965 2957 1181 3024 externum
1206 2932 1398 3049 quodvis,
1437 2935 1688 3048 aequabiliter
1710 2935 1817 3039 fluit,
1856 2946 2025 3062 alioque

448 3065 619 3157 nomine
648 3063 801 3151 dicitur
824 3064 1011 3150 duratio:
1052 3061 1314 3158 Relativum,
1345 3085 1557 3173 apparens,
1589 3059 1635 3146 de
1659 3065 1826 3175 vulfflre
1848 3071 1906 3156 est
1930 3073 2022 3162 sen.

447 3195 570 3284 srbilis
587 3189 631 3278 δι
649 3212 817 3280 externa
842 3193 995 3306 quaevis
1015 3187 1237 3276 durationis
1260 3211 1333 3300 per
1365 3207 1527 3273 motum
1555 3189 1739 3276 mensura
1774 3191 1873 3302 (seu
1898 3225 2020 3288 aceu-

449 3341 536 3411 rata
559 3319 628 3408 seu
654 3319 920 3434 inaequabilis)
946 3343 1026 3434 qua
1044 3315 1186 3428 vulgus
1204 3312 1400 3400 viceveri
1419 3314 1615 3426 temporis
1631 3317 1790 3420 utitura
1828 3341 1877 3404 ut
1901 3323 2019 3430 hora,

442 3456 551 3552 dies,
577 3448 736 3548 menso,
763 3471 900 3533 annus.
991 3511 993 3516 .
1871 3541 1875 3550 1

502 3575 549 3662 lla
588 3575 772 3686 Spatium
810 3568 1058 3663 absolutum,
1096 3581 1239 3651 natura
1274 3561 1342 3648 sua
1375 3561 1457 3649 sane
1487 3563 1685 3653 relatione
1720 3563 1773 3654 ad
1798 3589 2014 3660 externum

448 3699 640 3816 quodvis,
667 3696 835 3808 semper·
851 3713 987 3778 manet
1009 3689 1178 3774 ssmilare
1208 3687 1252 3772 δι
1282 3687 1517 3775 immobile:
1553 3689 1788 3780 Relativum
1816 3697 1875 3782 est
1901 3699 2018 3810 spatii

449 3827 567 3939 liujus
588 3824 771 3916 mensura
790 3823 859 3906 seu
885 3815 1082 3905 dimenso
1094 3814 1293 3930 quaelibet
1316 3813 1492 3915 mobilis,
1517 3842 1611 3931 quae
1637 3849 1659 3904 a
1679 3820 1856 3908 sensibus
1872 3827 2019 3911 nollris

450 3980 526 4071 per
551 3952 671 4039 saturn
706 3947 822 4036 suum
852 3945 905 4031 ad
934 3967 1109 4054 corpora
1145 3939 1354 4039 delinitur,
1388 3940 1432 4026 dt
1460 3969 1484 4026 a
1512 3947 1637 4054 vulgo
1669 3971 1750 4057 ¹pro
1781 3947 1909 4059 spatio
1941 3951 2016 4034 im·

445 4082 591 4173 mobili
615 4079 864 4190 usurpatur:
900 4071 963 4158 uti
990 4067 1188 4156 dimensio
1216 4069 1330 4182 spatii
1356 4069 1629 4172 subterranei,
1663 4074 1760 4158 a'e'rii
1792 4075 1856 4158 vel
1885 4078 2021 4161 coele·-

449 4209 515 4294 slis
540 4205 707 4293 definita
730 4227 804 4314 per
835 4197 955 4285 situm
983 4195 1098 4283 suum
1123 4195 1176 4282 ad
1199 4212 1361 4280 terram.
1416 4189 1533 4280 Idem
1574 4195 1665 4280 sunt
1698 4197 1870 4310 spatium
1901 4189 2014 4286 abso·

445 4338 581 4425 lutum
608 4333 652 4420 dc
683 4331 917 4426 relativum,
950 4325 1084 4440 speeie
1116 4321 1162 4409 δι
1193 4323 1503 4436 magnitudines
1550 4323 1620 4409 sed
1654 4351 1737 4410 non
1773 4345 2021 4435 permanent

447 4465 556 4552 idem
568 4461 725 4573 semper
741 4481 926 4545 numero.
977 4451 1085 4542 Nam
1107 4449 1269 4549 literra,
1293 4450 1412 4538 verbi
1431 4453 1570 4562 gratia,
1597 4473 1822 4550 moveatur,
1841 4453 2016 4565 spatium

441 4591 552 4680 ,aeris
586 4587 731 4688 nostri,
767 4583 883 4702 quod
909 4582 1074 4668 relative
1101 4579 1145 4664 ἃ
1173 4577 1353 4691 rospedlu
1381 4595 1500 4663 terrae
1534 4578 1699 4692 semper
1725 4575 2014 4680 manettdem,

448 4743 558 4806 nunc
577 4715 656 4802 erit
674 4735 862 4826 unapars
886 4707 1000 4822 spatii
1028 4704 1198 4790 absoluti
1219 4705 1403 4819 inquam
1424 4710 1491 4794 air
1510 4707 1660 4808 transit,
1697 4731 1810 4794 nune
1826 4705 1903 4790 alia
1918 4732 2022 4820 pars·

446 4842 561 4951 elusa
589 4839 633 4931 dc
654 4837 708 4930 lic
726 4837 904 4930 absolute
929 4831 1150 4932 mutabitur
1170 4847 1384 4947 perpetuo.

1779 5077 1840 5164 lll.
1868 5079 2012 5168 Locus
