4338 5656
401 233 1455 343 'PRINCIPIA'MATHEMATICAt
1631 269 1729 364 453

147 367 193 497 :⁸⁴
223 402 353 506 rurjad
373 418 491 493 axem
504 403 707 514 ¹majorem
728 404 1074 518 perpendicularis
1094 403 1196 504 BG,-
1213 427 1305 518 quae
1326 404 1519 520 utrinque
1539 404 1737 514 produBa
1768 401 1949 544 3⁰⁵M¹¹⁸ss¹2

1 523 8 536 '
154 543 194 628 ἰι
217 549 408 642 pqqumt
428 531 583 622 circulo
606 532 647 614 in
668 525 824 640 pussffls
847 528 889 622 ,F
903 527 995 632 &fi
1024 525 1066 611 ἃ
1084 529 1279 640 quoniam
1304 527 1487 638 spatium
1498 528 1543 613 A
1552 528 1587 610 B
1603 497 1664 632 ba:
1677 526 1734 610 est
1788 501 1923 576 mm'

5 657 9 665 ’
164 652 272 735 “ad
306 650 663 736 seriorem-TBb
708 674 753 740 ut
788 651 1066 760 rediangulum
1102 656 1150 736 A
1160 651 1239 747 Bo
1277 652 1327 735 ad
1363 649 1461 734 BT
1489 651 1733 763 quadrarum

5 774 16 830 ἲ
164 793 192 832 “
220 775 517 884 (rediangulum
545 777 655 861 enim
677 773 777 861 illud
798 795 980 889 aequatur
1007 771 1250 860 differentiae
1269 774 1562 887 quadratorum
1582 800 1636 858 ex
1654 773 1738 856 TA

163 914 192 954 “
220 899 262 981 &
286 897 374 980 ΤΒ
401 898 457 982 ob
476 894 626 982 retiam
646 902 694 985 A
700 903 729 996 β
749 897 957 1010 equaliter
986 895 1029 980 &
1049 898 1301 1010 inaequaliter
1320 896 1466 982 seriam
1490 901 1532 982 in
1550 895 1642 980 T&
1658 896 1729 1005 B.)

163 1037 190 1076 “
219 1019 329 1106 Haec
355 1020 478 1130 igitur
500 1023 605 1106 ratio
628 1023 699 1106 ubi
725 1022 895 1131 spatium
918 1019 1008 1102 AB
1025 1021 1087 1103 ba
1113 1022 1335 1106 maximum
1358 1021 1415 1106 est
1436 1023 1478 1106 in
1502 1020 1555 1120 K,
1583 1021 1729 1108 eadem

166 1160 194 1202 ‘⁴
221 1145 298 1228 erit
325 1169 371 1225 ac
399 1143 503 1227 ratio
529 1141 750 1250 reflanguli
781 1143 827 1226 K
839 1141 955 1224 HM
975 1141 1026 1227 ad
1050 1141 1101 1223 H
1108 1144 1143 1226 Τ
1171 1143 1429 1254 quadratum,
1462 1144 1532 1230 sed
1556 1145 1728 1228 maxima

164 1286 192 1328 “
222 1267 322 1353 nodi
350 1266 570 1354 mediocris
596 1267 789 1352 velocitas
816 1287 901 1351 erat
927 1267 977 1350 ad
1006 1267 1097 1351 solis
1115 1267 1377 1354 velocitatem
1399 1271 1440 1354 in
1460 1272 1534 1354 hac
1557 1271 1727 1354 rarione.

9 1471 14 1482 ,
165 1409 193 1451 “
221 1391 347 1500 Igitur
372 1391 414 1474 in
432 1390 687 1500 quadraturis
706 1390 901 1487 seriorA
909 1389 975 1472 Ta
1001 1388 1199 1477 dividitur
1224 1391 1266 1476 in
1292 1411 1424 1501 partes
1444 1394 1727 1479 velocitatibur

165 1511 1731 1752 12‘eddidita?i?iiiiiniiiir'iiiiii&iiiiii

165 1759 312 1846 “Erit
341 1761 465 1869 igitur
489 1762 623 1846 areola
651 1760 813 1844 ABba
841 1763 910 1847 ubi
934 1762 1107 1847 maxima
1135 1763 1192 1848 est
1221 1764 1271 1848 ad
1293 1767 1503 1877 'reliquum
1530 1767 1729 1852 sedorem

156 1898 193 1978 ,“
220 1883 262 1968 T
263 1883 305 1970 B.
320 1883 358 1980 b,
385 1889 430 1966 u't
457 1883 632 1992 reflang.
653 1885 790 1978 ABe
820 1884 871 1970 ad
899 1885 991 1969 BG
1017 1887 1160 1998 quadr.
1215 1887 1297 1972 Sed
1320 1891 1590 1981 tatioharum
1614 1919 1730 1977 areo·

164 2021 191 2066 ‘⁴
218 2008 347 2093 larum
374 2007 531 2118 semper
550 2027 636 2093 erat
658 2027 704 2092 ut
722 2007 861 2102 ABR
889 2006 1064 2120 redang.
1086 2010 1138 2095 ad
1160 2009 1253 2094 BT
1273 2013 1539 2123 quadratum
1570 2017 1613 2100 dr
1634 2040 1729 2126 pro·

166 2146 194 2198 ι*
222 2151 360 2240 pterea
387 2130 520 2214 areola
552 2129 648 2212 AB
665 2128 726 2210 ba
752 2129 795 2214 in
822 2133 918 2214 loeo
945 2134 992 2214 A
1010 2133 1145 2218 minor
1176 2133 1234 2218 est
1256 2133 1373 2220 simili
1402 2138 1536 2222 areola
1568 2140 1609 2222 in
1633 2166 1731 2252 qua·

166 2265 192 2308 “
220 2251 407 2348 draturis,
431 2253 474 2336 in
504 2251 708 2360 duplicata
735 2253 892 2336 ratione
913 2252 1002 2336 BG
1020 2253 1071 2337 ad
1093 2253 1183 2338 BT
1198 2257 1277 2341 hoc
1296 2255 1354 2338 est
1372 2258 1413 2342 in
1436 2259 1639 2370 duplicata
1671 2289 1731 2345 ra·

167 2388 195 2430 “
225 2377 337 2460 tione
358 2374 460 2460 smus
479 2374 675 2460 distantiae
694 2371 825 2460 solisa
847 2375 973 2460 nodo.
1014 2373 1070 2460 Et
1087 2375 1261 2487 proinde
1274 2377 1428 2468 summa
1446 2386 1630 2472 omnium
1645 2413 1730 2472 are·

169 2512 197 2554 “
224 2500 378 2585 uiarum
398 2500 447 2581 A
457 2497 562 2582 Bba
589 2521 736 2607 nempe
758 2495 930 2610 spatium
950 2499 998 2584 A
1007 2499 1101 2582 BN
1118 2503 1197 2586 erit
1218 2523 1264 2587 ut
1281 2529 1416 2592 motus
1436 2510 1537 2594 nodi
1559 2512 1602 2596 in
1626 2533 1730 2598 rem-

166 2638 193 2681 “
222 2649 323 2734 pore
350 2647 433 2736 quo
459 2621 516 2708 sol
537 2622 768 2730 digreditur
794 2623 953 2709 anodo
974 2649 1048 2735 per
1070 2652 1211 2712 arcum
1231 2627 1344 2726 NA.
1385 2628 1638 2743 Etfflspatium
1667 2665 1729 2724 re»

167 2761 195 2804 ‘⁸
223 2749 379 2857 liquum
404 2770 552 2855 nempe
579 2742 708 2830 ieBor
745 2746 944 2855 eilipricus
971 2746 1026 2828 N
1028 2744 1104 2832 ΤΒ
1132 2753 1210 2836 erit
1231 2771 1278 2840 ut
1300 2773 1436 2842 motus
1460 2757 1551 2844 solis
1572 2762 1729 2850 medius

168 2884 198 2926 ‘⁸
226 2868 268 2952 in
288 2867 436 2952 eodem
471 2888 669 2979 tempore.
726 2864 782 2978 Et
807 2889 1024 2982 propterea
1056 2877 1250 2984 quoniam
1282 2907 1435 2974 annuus
1468 2903 1604 2982 motus
1629 2891 1730 2974 nodi

168 3007 196 3050 ‘⁶
224 2991 398 3087 medius,
431 2991 466 3074 is¹
485 2991 542 3076 est
565 2994 635 3104 qui
661 2992 707 3078 fit
734 2995 988 3103 intempore
1019 3022 1104 3108 quo
1140 2999 1198 3087 sol
1222 3007 1438 3113 periodum
1464 3009 1574 3095 suam
1602 3015 1730 3102 absol·

168 3131 196 3173 “
223 3112 342 3209 verit,
368 3132 503 3198 motus
522 3116 623 3200 nodi
649 3115 856 3208 mediusa
878 3116 960 3200 sole
989 3121 1067 3206 etit
1092 3122 1143 3206 ad
1169 3147 1329 3214 motum
1349 3131 1469 3240 ipsrus
1488 3133 1579 3218 solis
1600 3139 1730 3223 medi·

169 3256 195 3296 ‘¹
221 3265 305 3336 um,
334 3256 379 3320 ut
405 3265 496 3323 area
523 3239 665 3323 circuli
695 3240 746 3323 ad
774 3265 908 3324 aream
934 3242 1132 3354 eliipieos,
1176 3251 1257 3334 hoc
1284 3251 1341 3336 est
1366 3272 1412 3336 ut
1433 3252 1542 3341 tedia
1569 3259 1658 3348 ΤΚ
1678 3264 1730 3348 ad

171 3381 198 3422 ‘⁴
229 3362 378 3446 reBam
403 3359 492 3442 TH
509 3361 685 3446 mediam
706 3362 858 3448 scilicet
877 3375 1227 3476 proportionalem
1246 3376 1352 3463 inter
1371 3377 1453 3462 ΤΚ
1473 3385 1517 3468 dc
1535 3387 1634 3486 Tm
1663 3386 1728 3474 vel

158 3499 201 3542 ·“
228 3483 341 3598 quod
361 3481 512 3568 eodem
529 3486 637 3570 redit
655 3505 700 3571 ut
720 3487 853 3574 media
872 3497 1187 3603 proportionalis
1203 3501 1290 3586 ΤΗ
1304 3501 1355 3586 ad
1381 3504 1530 3594 redum
1551 3514 1635 3598 Tu..

706 3761 1063 3832 PROPOSITIO
1134 3771 1207 3837 ln·
1312 3713 1317 3722 1

222 3923 255 3972 “
278 3917 403 4018 Dato
426 3946 543 4017 motu
564 3917 703 4022 medio
724 3925 932 4028 nodorum
968 3929 1080 4032 lunae
1102 3931 1301 4039 inuenire
1323 3971 1487 4044 motum
1509 3988 1678 4058 verum.

1 4126 5 4140 ’
177 4241 183 4248 ,
225 4159 254 4201 “
283 4143 344 4228 Sit
364 4149 530 4256 angulus
550 4151 599 4232 A
612 4151 795 4239 distantia
814 4157 909 4242 solis
932 4187 953 4242 a
977 4161 1073 4247 loco
1094 4165 1193 4250 nodi
1211 4171 1360 4272 medio,
1378 4132 1470 4264 ‘irre
1490 4203 1624 4269 motus
1646 4211 1730 4272 me

169 4283 196 4332 “
222 4269 424 4364 diuspsolis
454 4301 476 4354 a
505 4273 630 4359 nodo.
686 4277 799 4416 'ium
827 4281 856 4365 sr
883 4285 1063 4394 capiatur
1089 4293 1255 4398 angulus
1279 4297 1320 4379 B
1349 4301 1475 4409 cujur
1486 4326 1652 4417 tangens
1684 4312 1730 4398 srt

170 4406 196 4446 “
223 4393 274 4477 ad
314 4412 549 4504 tangentem
570 4403 704 4509 angult
725 4403 772 4485 A
788 4426 832 4490 ut
852 4405 939 4490 ΤΗ
949 4410 1000 4494 ad
1021 4411 1108 4508 ΤΚ,
1138 4415 1218 4500 hoc
1238 4420 1295 4504 est
1316 4423 1358 4508 in
1377 4424 1652 4542 subduplicara
1672 4466 1734 4522 ra

1 4599 2 4606 Ν
173 4524 200 4565 “
227 4516 339 4598 tione
361 4537 497 4604 motus
522 4525 741 4610 mediocris
772 4527 923 4616 horarii
949 4533 1039 4618 solis
1068 4535 1120 4621 ad
1157 4562 1316 4627 motum
1340 4550 1594 4644 mediocrem
1616 4563 1734 4643 hora·

1 4619 10 4676 ‘·
175 4647 202 4696 ‘⁵
230 4636 335 4718 rium
367 4639 456 4725 solis
489 4673 510 4730 a
542 4646 658 4730 nodo
679 4648 720 4731 in
752 4653 1006 4762 quadraturis
1029 4659 1235 4760 versante;
1255 4665 1356 4752 'erit
1378 4672 1490 4760 idem
1516 4683 1679 4792 angulus
1695 4681 1738 4763 B

0 4906 1 4913 Ν
173 4771 200 4815 “
228 4757 409 4848 distantia
427 4765 517 4852 solis
547 4798 570 4854 a
594 4771 689 4858 loco
711 4773 814 4860 nodi
838 4803 947 4866 vero.
1004 4779 1108 4870 Nam
1124 4783 1315 4898 jungatur
1337 4791 1478 4881 FT&
1500 4826 1552 4884 ex
1566 4793 1736 4892 demon·

1493 4932 1522 5030 ἐξ
1547 4922 1746 5020 stratione-
