4450 5674
441 313 511 414 44
728 287 1253 388 suttosonttta
1300 289 1754 396 Narunatts

220 459 286 601 gf
302 457 420 520 Moru
434 459 553 546 nimis
571 454 875 570 descriptorum
897 457 1000 548 linus
1021 459 1122 546 vers
1141 487 1214 574 per
1232 463 1358 550 corol.
1379 495 1416 572 4.
1445 487 1562 578 prop.
1585 491 1618 548 1.
1646 463 1727 550 hoc
1745 461 1817 561 esi,
1843 481 1891 548 ut
1908 487 2030 577 qua-

248 557 399 606 ⁰¹⁹⁰¹⁰”
436 587 550 672 drata
590 613 761 673 arcuum
801 588 1027 674 eorundem
1069 587 1121 674 ad
1156 587 1376 677 diametros
1413 593 1660 676 circulorum
1701 593 1898 702 applicata
1931 613 2031 700 per

434 711 529 796 lem.
546 714 614 798 vii.
642 709 685 795 &
710 733 940 824 propterea,
977 737 1070 798 cum
1096 712 1140 798 hi
1165 739 1280 798 arcus
1304 713 1380 798 srnt
1409 733 1456 798 ut
1487 739 1603 800 arcus
1627 715 1879 827 temporibus
1912 715 2021 824 qui-

435 835 567 923 busvis
598 841 814 954 aequalibus
840 841 1053 952 descripti,
1091 839 1135 923 &
1163 838 1353 925 diametri
1380 839 1454 925 sant
1480 859 1526 924 ut
1553 865 1699 926 eorum
1729 842 1859 939 radlia
1893 841 2019 925 vires
2174 800 2186 943 Ι

435 983 555 1050 erunt
580 985 626 1050 ut
650 991 818 1053 arcuum
841 965 1078 1081 quorumvis
1111 963 1225 1050 simul
1254 963 1552 1080 descriptorum
1585 967 1780 1080 quadrata
1807 969 2016 1080 applicata

441 1087 493 1174 ad
511 1089 646 1178 radios
662 1093 921 1180 circulorum.
979 1091 1034 1214 Q
1053 1091 1106 1176 E.
1119 1093 1182 1178 D.

497 1213 622 1300 Coros.
642 1243 674 1300 r.
709 1215 818 1302 Cum
848 1245 963 1303 arcus
988 1219 1044 1303 illi
1064 1215 1139 1302 fint
1166 1237 1210 1303 ut
1240 1217 1474 1304 velocitates
1503 1243 1739 1330 corporum,
1778 1219 1883 1302 vires
1910 1241 2011 1304 cen·

442 1341 601 1454 tripetae
628 1363 747 1430 erunt
774 1347 817 1429 in
835 1347 993 1431 ratione
1012 1343 1235 1454 compotita
1256 1369 1311 1429 ex
1333 1341 1535 1456 duplicata
1560 1345 1716 1432 ratione
1742 1345 2011 1430 velocitatutu

442 1461 610 1564 diresie,
628 1465 673 1550 δι
700 1467 856 1552 ratione
875 1467 1042 1578 simplici
1071 1467 1279 1553 radiorum
1305 1468 1474 1556 inverse.

499 1593 624 1678 Coros.
643 1624 681 1678 as
710 1589 779 1694 Et,
805 1621 901 1680 cunt
919 1615 1102 1706 tempora
1127 1593 1335 1706 periodica
1359 1593 1433 1679 stnt
1461 1593 1502 1678 in
1522 1597 1678 1680 ratione
1706 1593 1928 1706 composita
1952 1618 2010 1676 ex

441 1718 599 1804 ratione
620 1720 829 1806 radiorum
847 1717 1014 1816 diresle,
1039 1717 1266 1804 sc'ratione
1290 1717 1555 1804 velocitatum
1581 1717 1761 1812 inversea
1790 1719 1894 1802 vires
1911 1742 2008 1801 cen·

443 1845 603 1958 tripetae
622 1847 714 1932 sunt
739 1847 783 1932 in
802 1849 958 1934 ratione
977 1846 1200 1956 composita
1218 1871 1271 1930 ex
1288 1845 1443 1930 ratione
1464 1845 1673 1932 radiorum
1693 1843 1859 1943 diresle,
1884 1841 1926 1928 δι
1945 1871 2008 1928 ra-

441 1971 554 2058 tione
577 1972 781 2084 duplicata
803 1993 1033 2085 temporum
1054 1971 1361 2083 periodicorum
1385 1971 1553 2057 inverse.
1654 2001 1657 2006 ·

500 2095 627 2178 Coros.
652 2121 685 2193 3.
713 2093 836 2180 Unde
863 2095 1095 2210 sttempora
1114 2095 1323 2208 periodica
1348 2115 1575 2208 aequentur,
1593 2093 1636 2180 δι’
1655 2115 1871 2206 propterea
1896 2093 2008 2182 velo-

443 2217 586 2306 citates
612 2219 687 2308 srnt
706 2244 753 2309 ut
773 2223 903 2322 radiis
932 2245 1051 2312 erunt
1079 2223 1200 2310 etiam
1224 2228 1328 2312 vires
1359 2227 1599 2340 centripeta
1625 2243 1670 2308 ut
1691 2221 1818 2308 radii:
1846 2221 1893 2308 δι
1908 2247 2008 2308 con·

442 2361 516 2432 tra.

501 2469 628 2558 Coros.
649 2505 688 2580 4.
727 2473 767 2559 Si
798 2475 841 2558 &
872 2495 1055 2588 tempora
1084 2473 1307 2586 periodica,
1339 2473 1641 2560 &velocitates
1670 2475 1744 2560 lint
1774 2475 1818 2560 in
1850 2475 2009 2560 ratione

443 2595 720 2712 subduplicata
745 2601 981 2701 radiorum
1015 2602 1186 2715 equales
1204 2623 1325 2688 erunt
1350 2603 1454 2688 vires
1472 2605 1710 2714 centripetae
1734 2601 1841 2686 inter
1859 2599 1927 2684 se:
1960 2597 2007 2684 dc

444 2744 601 2812 contra.
1042 2822 1045 2830 ,

499 2851 624 2940 coroa.
647 2881 682 2957 5.
710 2853 752 2938 Si
770 2875 953 2968 tempora
970 2853 1179 2965 periodica
1205 2853 1278 2940 fint
1293 2874 1339 2940 ut
1357 2853 1472 2952 radii,
1486 2851 1530 2938 oz
1548 2872 1761 2968 propterea
1773 2853 2008 2938 velocitates

444 2977 644 3090 aequales,
671 2979 775 3064 vires
793 2982 1029 3092 centripetae
1048 3001 1167 3066 erunt
1186 2984 1397 3094 reciproce
1410 3001 1454 3067 ut
1475 2981 1602 3066 radii:
1632 2979 1676 3064 δι
1694 2999 1851 3066 contra.

501 3103 627 3192 Coros.
647 3111 684 3188 6.
723 3102 765 3188 Si
785 3125 969 3218 tempora
1001 3107 1211 3218 periodica
1235 3107 1308 3193 stnt
1332 3107 1374 3192 in
1401 3109 1556 3194 ratione
1575 3106 1848 3220 sesquiplicata
1869 3103 2003 3188 radio·

445 3251 554 3334 tum,
577 3227 622 3316 δι
650 3251 865 3344 propterea
893 3235 1126 3318 velocitates
1150 3231 1360 3342 reciproce
1387 3232 1429 3316 in
1451 3232 1657 3318 radiorum
1679 3233 1834 3316 rarione
1861 3227 2007 3316 subdu-

443 3358 622 3473 plicata3
664 3359 769 3446 vires
800 3361 1036 3474 centripetae
1071 3372 1190 3444 erurlt
1223 3358 1434 3471 reciproce
1465 3375 1511 3442 ut
1542 3355 1737 3472 quadrata
1771 3356 2003 3442 radiorum:

444 3489 491 3576 dt
510 3508 665 3579 contra.
1002 3502 1006 3508 '

500 3619 627 3702 Coros.
643 3645 678 3717 7.
717 3609 773 3700 Et
793 3603 1079 3710 universaliter,
1107 3613 1134 3698 fi
1157 3631 1315 3722 tempus
1341 3609 1599 3722 periodicum
1623 3607 1668 3696 stt
1690 3627 1735 3692 ut
1755 3608 1858 3693 radii
1882 3607 2008 3715 Rpo·

444 3741 561 3830 testas
582 3737 776 3854 quaelibet
797 3737 865 3834 R',
889 3737 933 3820 δε
957 3759 1171 3850 propterea
1197 3734 1388 3820 velocitas
1416 3735 1627 3844 reciproce
1648 3753 1695 3815 ut
1714 3729 1817 3820 radii
1837 3729 2007 3842 poteslas

446 3874 560 3964 R”·¹;
588 3867 666 3954 erit
682 3866 741 3951 vis
765 3865 990 3976 centripeta
1016 3863 1227 3972 reciproce
1254 3879 1298 3943 ut
1327 3859 1424 3943 radii
1442 3856 1615 3970 potestas
1633 3857 1757 3942 Rm:
1788 3855 1831 3940 dt
1852 3877 2006 3942 contra.

467 4007 470 4014 “
502 3995 628 4089 Coros,
647 3993 684 4080 8.
728 3987 885 4078 Eadem
915 3987 1050 4075 omnia
1075 3987 1128 4072 de
1153 3982 1416 4096 temporibus,
1453 3985 1747 4080 velocitatibus‚
1775 3981 1818 4066 oc
1836 3982 2002 4080 viribus,

448 4125 594 4242 quibus
628 4140 803 4228 corpora
833 4113 975 4199 srmiles
1002 4110 1219 4220 figurarum
1249 4133 1586 4221 quarumcunque
1617 4105 1817 4201 similium,
1852 4126 2007 4190 centra·

449 4277 531 4362 que
550 4249 593 4334 in
610 4239 840 4354 figurisillis
863 4237 1040 4322 similiter
1059 4233 1185 4347 posrta
1206 4231 1453 4330 habentium,
1478 4251 1611 4344 partes
1635 4230 1883 4328 describunt,
1908 4254 2007 4315 con·

451 4373 673 4486 sequuntur
695 4391 757 4472 ex,
778 4361 1121 4473 demonstratione
1151 4357 1473 4469 precedentium
1495 4357 1546 4440 ad
1567 4355 1686 4442 hosce
1713 4355 1822 4440 casus
1840 4357 2008 4467 applica·

450 4517 505 4586 ta.
547 4495 799 4607 'Applicatur
822 4510 958 4573 autern
983 4483 1260 4572 substituendo
1292 4480 1529 4596 aequabilcm
1564 4506 1747 4567 arearum
1774 4479 2008 4594 descriptio

452 4646 549 4712 nem
567 4646 645 4734 pro
671 4615 855 4731 aequabili
876 4633 1007 4712 motu,
1047 4610 1090 4696 δι
1113 4607 1313 4694 distantias
1332 4631 1553 4718 corporum
1573 4631 1596 4689 a
1618 4606 1766 4690 centris
1787 4629 1865 4716 pro
1889 4601 2009 4689 radiis

450 4746 693 4862 usurpando.

509 4873 634 4960 Coros.
655 4899 691 4980 9.
726 4863 793 4952 Ex
812 4861 955 4950 eadem
984 4855 1327 4947 demonstratione
1352 4853 1612 4968 consequitur
1637 4853 1786 4952 etiama
1813 4851 1927 4968 quod
1948 4876 2010 4936 ar·

453 5027 537 5102 cus,
570 5021 693 5112 quem
721 5015 867 5105 corpus
892 4989 935 5078 in
970 4987 1127 5076 circulo
1153 4986 1241 5072 data
1268 4982 1308 5070 vi
1337 4981 1560 5094 centripeta
1590 4977 1847 5067 uniformiter
1878 4973 2010 5182 revpl·

1868 5125 1946 5184 ven
1979 5119 2009 5178 o
