4338 5656
482 254 584 374 480
746 252 1274 351 rurtosonntn
1320 251 1774 354 maruntium

278 425 323 484 ru
343 425 456 482 ntunnr
489 443 584 500 cum
612 437 732 504 tettae
767 419 809 502 in
836 417 1118 504 observatione
1147 419 1282 514 tertia,
1322 417 1364 504 T
1383 419 1522 504 locum
1549 439 1670 504 terrae
1691 422 1733 506 in
1766 423 2046 514 observatione

488 543 643 638 ultima,
700 541 743 626 δι
774 543 854 637 Tr
886 543 1033 626 lineam
1072 537 1223 626 reslatn
1255 540 1390 626 versus
1420 544 1667 655 principium
1708 546 1844 632 arietis
1877 549 2045 636 ductam.
2121 587 2123 596 ’

484 661 676 750 Sumatur
704 668 871 776 angulus
921 665 1070 749 rTV
1091 665 1253 776 equalis
1284 669 1431 774 angulo
1461 667 1620 782 rQF,
1671 669 1751 755 hoc
1777 672 1852 771 ell,
1892 680 2044 787 aequrlis

485 785 733 897 longitudini
757 807 931 874 cometae
952 789 1020 872 ubi
1049 808 1155 872 terra
1178 785 1357 872 versatur
1382 790 1424 873 in
1455 788 1501 874 T.
1554 789 1755 900 Jungatur
1781 821 1861 893 ac,
1892 796 1938 880 dr
1960 825 2042 907 pro-

472 907 726 996 ducaturea
749 912 801 994 ad
825 940 868 1024 g,
897 931 944 995 ut
966 910 1064 992 srta
1076 907 1186 1022 gad
1214 930 1343 994 acut
1369 911 1462 996 AG
1492 911 1544 996 ad
1573 913 1855 1011 AC,&erit
1884 920 2038 1031 glocus

479 1058 613 1144 ¹quem
644 1053 749 1120 terra
777 1055 964 1146 ternpore
989 1034 1280 1120 observationis
1301 1037 1469 1133 ultimae,
1497 1059 1614 1122 motu
1633 1038 1677 1124 in
1695 1035 1802 1126 retu
1823 1069 1883 1124 ac
1901 1044 2037 1130 unisur-

279 505 461 565 Srsrtnnrr

482 3155 604 3238 miter
624 3155 880 3252 continuato,
925 3154 1155 3262 attingeret.
1211 3152 1394 3268 Ideoque
1420 3153 1644 3238 fiducatur
1667 3171 1734 3265 gr
1765 3147 1834 3261 ipsi
1861 3145 1926 3234 Tr
1960 3168 2022 3254 pa·

480 3277 628 3373 rallela‚
657 3274 905 3388 &capiatur
944 3277 1112 3388 angulus
1157 3301 1218 3388 rg
1240 3276 1288 3357 V
1317 3279 1465 3386 angulo
1497 3276 1634 3394 γρῦ
1657 3277 1830 3389 aequalir,
1865 3271 1935 3353 erit
1958 3267 2020 3349 hic

481 3403 649 3509 angulus
687 3428 749 3513 eg
769 3401 816 3482 V
836 3403 994 3513 aequalis
1030 3400 1276 3510 longitudini
1321 3418 1497 3485 cometae
1532 3427 1556 3484 e
1588 3401 1681 3483 loco
1711 3425 1742 3509 g
1771 3391 1946 3509 spestatir
1982 3390 2024 3474 δι

480 3527 648 3634 angulus
682 3523 781 3609 TV
786 3553 816 3638 g
857 3527 1063 3636 parallaxis
1086 3527 1179 3622 erit,
1233 3549 1326 3638 quae
1352 3523 1531 3608 oritura
1561 3521 1823 3608 transsatione
1850 3541 1960 3604 tertae
1980 3514 2024 3600 de

479 3647 622 3756 locog
643 3647 685 3732 in
706 3649 844 3731 locum
868 3647 926 3728 T:
955 3674 1000 3732 ac
1024 3647 1200 3758 proinde
1215 3647 1263 3730 V
1274 3651 1386 3732 locus
1411 3645 1490 3730 erit
1514 3665 1689 3732 cometae
1713 3643 1755 3728 in
1781 3645 1899 3754 plano
1915 3638 2021 3746 eclip-

481 3772 586 3856 ticae.
634 3767 722 3853 Hic
744 3786 880 3853 autern
901 3771 1014 3856 locus
1033 3771 1081 3852 V
1093 3770 1195 3855 orbe
1217 3769 1346 3876 Jovis
1363 3769 1533 3855 inferior
1554 3767 1632 3855 else
1656 3767 1772 3852 solet.

535 3893 651 3979 ldem
669 3894 873 4003 colligitur
899 3921 952 3978 ex
971 3914 1185 3979 curvatura
1211 3895 1288 3977 viae
1312 3912 1581 3979 cometarum.
1638 3891 1826 4000 Pergunt
1844 3891 1922 3973 haec
1939 3907 2019 3968 cor·

478 4046 580 4134 pora
604 4019 908 4132 propemodum
934 4020 977 4103 in
1003 4021 1164 4103 circulis
1182 4019 1366 4114 maximis
1386 4017 1584 4131 quamdiu
1606 4035 1827 4102 moventur
1849 4010 2020 4098 celeriust

478 4167 519 4229 at
537 4146 579 4230 in
597 4143 679 4228 fine
697 4140 847 4238 cursus,
874 4143 945 4227 ubi
966 4163 1101 4228 motus
1123 4142 1348 4255 apparentis
1366 4167 1457 4254 pars
1479 4143 1558 4240 illu,
1587 4165 1680 4254 quae
1705 4167 1727 4223 a
1753 4135 1934 4249 parallaxi
1952 4131 2021 4215 ori·

479 4290 561 4364 tur,
580 4268 775 4377 majorem
795 4264 915 4351 habet
934 4270 1245 4378 proportionem
1265 4265 1314 4350 ad
1336 4285 1496 4351 motum
1514 4284 1648 4351 totum
1666 4278 1931 4374 apparentem,
1954 4251 2018 4334 de·

476 4389 643 4477 fleslere
680 4393 809 4476 solent
838 4391 887 4475 ab
917 4392 976 4476 his
1012 4393 1186 4490 circulis,
1230 4389 1275 4474 dt
1298 4391 1461 4504 quoties
1491 4410 1598 4474 terra
1626 4407 1816 4472 movetur
1844 4382 1881 4464 iu
1903 4397 2018 4458 unam

475 4535 650 4628 partem,
676 4514 786 4598 abire
814 4514 857 4597 in
886 4532 1044 4625 partem
1069 4513 1326 4600 contrariam.
1382 4511 1527 4598 Oritur
1553 4513 1641 4595 haec
1661 4507 1837 4595 deflexio
1855 4499 2023 4586 maxime

433 4670 435 4678 J
474 4667 532 4726 ex
549 4638 749 4752 paraliam,
765 4655 986 4748 propterea
1006 4637 1121 4751 quod
1142 4637 1360 4749 respondet
1381 4636 1513 4720 motui
1533 4652 1680 4732 terrae;
1710 4631 1755 4716 δι
1777 4625 1931 4738 insrgnis
1950 4621 2023 4732 ejus

477 4766 690 4873 quantitas,
717 4787 815 4850 meo
837 4785 1051 4876 computo,
1077 4765 1295 4852 collocavit
1326 4760 1575 4873 disparentes
1598 4779 1780 4848 cometas
1807 4752 1895 4840 satis
1916 4751 2023 4958 quqe

2000 4893 2020 4948 a
