4344 5648
433 291 531 390 320
698 263 1233 364 PHILOSOPHIAE
1269 259 1740 364 NATURALIS

210 436 280 500 DE
291 433 410 494 Mffl
432 431 493 540 gis
513 432 661 546 quibus
685 434 895 544 particulae
915 434 1171 546 systematum
1195 436 1236 521 se
1255 458 1403 521 mutuo
1422 435 1590 543 agitant,
1616 435 1765 545 partim
1788 459 1842 519 eii
1863 461 2005 523 occur·

216 519 408 579 ΝΜ
433 551 538 639 sibus
569 554 615 640 &
649 554 942 642 reflexionibus
979 559 1266 670 particularum
1302 557 1346 642 &
1375 561 1556 698 partium·
1580 557 1791 665 majorum.
1862 561 2006 645 Prioris

435 699 573 770 autent
598 681 758 792 generis
786 682 1016 768 resistentiae
1042 683 1133 768 sunt
1159 683 1247 768 ad
1237 683 1415 768 invicem
1443 703 1490 766 ut
1519 681 1625 766 vires
1655 703 1754 766 totae
1776 685 2009 776 motticesa

429 805 588 918 quibus
620 807 824 907 oriuntur,
859 809 999 906 idest,
1034 827 1081 893 ut
1107 811 1213 895 vires
1241 829 1341 892 totae
1365 809 1673 894 acceleratrices
1700 807 2008 920 &quantitates

440 931 622 1016 materiae
645 933 886 1046 inpartibus
908 925 1354 1045 correspondentibus't
1391 935 1474 1018 lioc
1494 931 1553 1016 est
1578 932 1670 1042 (per
1684 935 1945 1044 hypothesin)
1964 959 2010 1020 ut

429 1055 638 1164 quadrata
664 1056 930 1141 velocitatum
960 1053 1116 1142 diresie
1142 1057 1186 1141 dt
1212 1055 1409 1142 distantiae
1449 1055 1737 1168 particularum
1774 1057 2005 1170 correspon-

445 1179 632 1266 dentium
654 1181 811 1268 inverse
839 1182 884 1266 dt
908 1183 1152 1294 quantitates
1176 1185 1357 1270 materia
1380 1183 1423 1267 in
1449 1181 1630 1293 partibus
1657 1179 2009 1292 correspondenti-

436 1305 521 1390 bus
550 1303 728 1391 diresie:
766 1306 948 1421 ideoque
983 1333 1079 1392 cum
1111 1308 1307 1394 distantiae
1334 1308 1622 1420 particularum
1650 1305 1869 1416 systematis
1897 1311 2012 1394 unius

445 1428 523 1514 fint
551 1427 603 1513 ad
626 1429 829 1515 distantias
849 1430 1214 1542 correspondentes
1236 1433 1524 1546 particularum
1547 1431 1722 1528 alterius,
1749 1451 1796 1514 ut
1814 1433 2011 1520 diameter

441 1553 652 1665 particulae
677 1554 743 1640 vel
765 1557 886 1666 partis
909 1556 951 1640 in
979 1553 1188 1664 systemate
1212 1559 1352 1668 priore
1381 1555 1433 1640 ad
1462 1555 1707 1640 diametrum
1727 1558 1935 1668 particulae
1952 1563 2015 1644 vel

438 1677 565 1792 partis
589 1677 946 1790 correspondentis
966 1677 1008 1762 iii
1033 1680 1176 1779 altero,
1204 1681 1248 1765 δι
1273 1680 1519 1794 quantitates
1546 1682 1727 1764 materiae
1748 1680 1822 1764 sint
1844 1683 1893 1765 ¹ut
1914 1683 2014 1768 den·

438 1802 766 1914 litaret-partium
789 1801 949 1888 &cubi
968 1803 1263 1891 diametrorum
1285 1844 1297 1905 t
1327 1803 1557 1891 resistentiae
1576 1804 1666 1890 sunt
1689 1805 1739 1888 ad
1765 1807 1943 1892 invicem
1971 1829 2016 1891 ut

430 1926 638 2040 quadrata
667 1927 931 2011 velocitatum
959 1925 1224 2039 &quadrata
1251 1929 1548 2013 diametrorum
1581 1927 1625 2011 δι
1656 1927 1874 2013 densitates
1897 1935 2016 2042 patti-

440 2075 513 2136 um
540 2047 808 2160 systematum.
865 2049 989 2170 QE.
1006 2052 1070 2136 D.
1135 2051 1374 2136 Pollerioris
1403 2051 1562 2160 generis
1593 2051 1824 2137 resistentiae
1847 2053 1937 2139 sunt
1969 2079 2016 2142 ut

440 2173 716 2260 reflexionum
745 2173 1157 2286 correspondentium
1176 2179 1339 2270 numeri
1361 2176 1405 2259 δι
1424 2176 1530 2260 vires
1549 2175 1811 2285 conjunslim.
1866 2179 2018 2268 Nome-

442 2301 633 2386 riautem
660 2298 934 2385 reflexionum
961 2298 1122 2385 suntad
1144 2300 1323 2386 invicem
1346 2321 1393 2385 ut
1419 2301 1657 2387 velocitates
1684 2303 1861 2414 partium
1882 2331 2018 2392 corre-

441 2424 733 2538 spondentium
757 2420 928 2519 directe,
956 2421 1145 2535 &spatia
1169 2426 1277 2510 inter
1307 2449 1447 2510 earum
1477 2423 1723 2512 reflexiones
1741 2429 1907 2514 inverse.
1964 2429 2022 2516 Et

443 2551 551 2636 vires
583 2547 859 2635 reflexionum
884 2547 977 2633 sunt
1003 2568 1049 2632 ut
1072 2549 1308 2634 velocitates
1340 2549 1384 2632 dc
1405 2549 1705 2656 magnitudines
1734 2552 1777 2634 dt
1803 2552 2022 2642 denfitates

442 2676 620 2789 partium
639 2673 1050 2786 correspondentium
1071 2672 1343 2783 conjuntlim3
1373 2674 1418 2759 id
1444 2673 1516 2771 est,
1544 2695 1590 2758 ut
1610 2676 1842 2760 velocitates
1866 2677 1909 2760 δι
1934 2679 2021 2765 dia·

445 2821 674 2889 metrorum
704 2803 800 2886 cubi
831 2801 875 2883 ἃ
905 2800 1119 2887 densitates
1151 2804 1339 2914 partium.
1406 2797 1460 2884 Et
1490 2799 1713 2910 conjunctis
1743 2805 1807 2888 liis
1832 2805 2020 2892 omnibus

444 2921 684 3020 rationibus,
713 2921 943 3008 resistentiae
962 2924 1139 3034 partium
1160 2923 1574 3035 correspondentium
1598 2924 1688 3010 sunt
1708 2927 1760 3010 ad
1780 2927 1956 3012 invicem
1976 2945 2020 3012 ut

445 3049 642 3161 quadrata
666 3049 932 3134 velocitatum
954 3049 998 3132 dt
1019 3048 1216 3164 quadrata
1235 3049 1532 3137 diametrorum
1546 3049 1589 3136 dt
1607 3049 1824 3140 denfitates
1845 3053 2020 3166 partium

446 3170 708 3285 coniundim.
765 3173 893 3292 QE
913 3175 975 3258 D.

502 3301 631 3388 Corol.
650 3327 681 3384 ι.
708 3297 884 3409 Igitursi
908 3301 1114 3413 syllemata
1136 3304 1202 3388 illa
1231 3303 1306 3388 sirit
1331 3301 1460 3388 fluida
1482 3303 1568 3388 duo
1594 3303 1751 3392 elastica
1777 3307 2021 3394 admodum

448 3427 563 3524 aeris,
590 3423 633 3508 ἃ
648 3445 780 3534 partes
796 3451 940 3510 eorum
959 3426 1199 3538 quiescant
1188 3449 1296 3514 inter
1325 3428 1390 3513 se:
1421 3454 1595 3540 corpora
1614 3448 1751 3516 autem
1773 3433 1863 3519 duo
1885 3435 2023 3520 similia

448 3550 494 3634 dc
526 3547 706 3658 partibus
731 3549 956 3634 sluidorum
982 3551 1119 3662 quoad
1146 3551 1470 3662 magnitudinem
1501 3553 1544 3637 δι
1578 3553 1821 3642 densitatem
1849 3585 2026 3670 propor-

448 3671 628 3762 tionalia
658 3667 737 3752 &'
728 3691 834 3756 mter
862 3691 994 3782 partes
1014 3675 1096 3756 illas
1119 3673 1296 3759 similiter
1324 3673 1466 3786 polita,
1494 3676 1715 3762 secundum
1743 3680 1865 3764 lineas
1883 3681 2022 3768 finitri-

450 3811 514 3882 tcr
542 3791 687 3905 postas
714 3813 924 3906 utcunque
949 3796 1239 3906 projiciantur;
1277 3799 1384 3884 vires
1410 3819 1552 3886 autem
1582 3802 1897 3900 acceleratri'ces,
1929 3805 2024 3916 qui·

449 3921 526 4005 bus
553 3920 761 4031 particule
785 3917 1011 4006 fluidorum
1029 3921 1079 4005 se
1100 3943 1246 4009 mutuo
1275 3927 1441 4034 agitant,
1468 3925 1543 4010 sint
1564 3946 1611 4010 ut
1640 3949 1863 4038 corporum
1887 3930 2022 4040 proje-

446 4043 612 4130 florum
638 4043 828 4128 diametri
847 4043 1017 4144 inverse,
1045 4043 1309 4160 &quadrata
1337 4052 1601 4134 velocitatum
1630 4049 1809 4135 ditefle:
1849 4080 2022 4164 corpora

451 4173 517 4258 illa
534 4170 791 4283 temporibus
814 4171 1185 4281 proportionalibus
1207 4171 1351 4258 similes
1375 4175 1616 4259 excitabunt
1649 4197 1786 4260 motus
1806 4176 1850 4298 in
1873 4175 2020 4274 fluidis,

455 4298 637 4410 &spatia
662 4297 798 4380 similia
819 4321 864 4380 ac
885 4297 1092 4381 diametiis
1117 4297 1193 4383 suis
1212 4301 1529 4411 proportionalia
1557 4301 1799 4387 describent

511 4423 636 4506 Coros
657 4450 694 4504 2
734 4419 956 4506 Proinde
947 4447 989 4505 iti
1021 4421 1170 4507 eodem
1203 4421 1336 4508 fluido
1369 4420 1577 4534 projettile
1602 4426 1725 4510 velox
1760 4423 2017 4509 refistentiam

455 4541 621 4660 patitui,
639 4571 730 4660 quae
749 4545 834 4630 est
824 4573 866 4630 iii
887 4546 1090 4658 duplicata
1114 4547 1271 4632 ratione
1289 4547 1516 4633 velocitatis
1539 4575 1662 4688 quam
1687 4549 1890 4661 proxime
1917 4548 2019 4634 Nam

455 4669 624 4765 sivires,
651 4667 796 4780 quilius
821 4670 1028 4780 particulae
1054 4669 1244 4756 distantes
1264 4671 1304 4755 se
1330 4689 1477 4764 mutuo
1508 4674 1675 4780 agitant,
1709 4693 1956 4783 augerentur
1978 4674 2019 4756 iii

456 4798 661 4909 duplicata
687 4798 843 4880 ratione
864 4798 1104 4896 velocitatis,
1136 4797 1353 4890 resistentia
1386 4797 1533 4882 soret
1521 4825 1564 4884 iti
1590 4799 1735 4890 eadem
1764 4803 1924 4886 tatione
1947 4795 2018 4881 du·

455 4925 839 5035 plicata-acturam
866 4921 1075 5038 ideoque
1064 4951 1107 5010 in
1134 4924 1290 5026 medio,
1319 4922 1432 5035 cujus
1452 4945 1586 5039 partes
1605 4927 1655 5011 ab
1677 4923 1856 5012 invicem
1877 4923 2020 5011 dilian-

1961 5067 2018 5132 teS
2066 5095 2068 5100 v
