4352 5646
427 257 1477 366 nnntctntnntntnuntnttcn.
1651 292 1752 384 419

188 443 323 534 mense
343 444 529 556 Augusto,
556 440 709 552 reperit
735 439 995 546 horologium
1026 435 1141 520 suum
1162 433 1312 518 tardius
1333 433 1490 518 moveri
1518 455 1641 544 quarn
1672 457 1748 542 pro
1787 430 1941 570 Tmm

188 571 327 654 medio
345 591 462 654 motu
481 568 585 662 solis,
616 567 811 650 existente
832 560 1060 648 differentia
1089 557 1142 640 2'.
1164 557 1250 640 28''
1275 559 1435 666 fingulis
1459 557 1613 642 diebus.
1668 557 1751 640 De·
1825 531 1840 572 r
1853 531 1982 572 ⁸⁸⁸⁸⁸⁸

187 694 283 778 inde
303 694 492 780 faciendo
520 713 565 775 ut
596 690 819 804 pendulum
843 689 1010 798 simplex
1039 685 1088 768 ad
1116 685 1269 770 minuta
1300 685 1447 792 smgula
1478 682 1651 768 secunda
1680 707 1752 791 per

186 821 447 930 horologium
468 821 671 928 optimum
696 816 920 900 mensurata
943 814 1153 908 oscillaret‚
1171 812 1324 896 notavit
1343 809 1642 916 longitudinem
1660 835 1757 918 pen·

187 948 273 1034 dull
293 947 491 1056 srmplicis,
522 944 563 1028 δε
592 947 671 1028 hoc
693 942 790 1026 fecit
814 941 955 1050 saepius
981 939 1139 1046 fingulis
1157 937 1386 1048 septimanis
1406 963 1477 1046 per
1505 937 1658 1020 menses
1681 935 1754 1014 de-

187 1099 290 1157 cem.
359 1072 472 1154 Tum
497 1072 539 1153 in
571 1071 750 1150 Galliam
777 1068 908 1150 redux
927 1065 1101 1150 contulit
1129 1064 1427 1172 longitudinem
1452 1063 1567 1168 hujus
1586 1061 1753 1170 penduli

186 1223 282 1278 cum
311 1195 565 1302 longitudine
596 1193 763 1304 penduli
793 1177 1013 1275 Pariliensts
1040 1195 1150 1299 (quae
1177 1207 1262 1271 erat
1290 1188 1413 1271 trium
1439 1189 1591 1299 pedum
1616 1186 1754 1268 Parih-

186 1322 354 1416 enfium‚
384 1320 426 1402 dt
449 1314 543 1403 osio
572 1321 767 1404 linearum
800 1341 895 1399 cum
924 1316 1050 1398 trihus
1077 1314 1234 1425 quintisj
1254 1313 1432 1422 partibus
1460 1313 1595 1421 lineae)
1626 1311 1668 1392 dc
1690 1337 1753 1393 re-

187 1449 293 1556 perit
330 1445 560 1529 breviorem
596 1443 690 1540 esse,
728 1439 923 1526 existente
952 1436 1181 1524 differentia
1212 1441 1329 1522 lineae
1362 1440 1478 1523 unius
1518 1462 1614 1520 cum
1656 1462 1754 1548 qua·

186 1571 341 1654 drante.

241 1694 383 1778 Postea
405 1693 593 1778 Halleitts
618 1693 752 1776 noster
782 1691 890 1774 circa
917 1715 1065 1774 annum
1091 1697 1190 1791 1677
1213 1689 1264 1773 ad
1287 1687 1452 1773 insulam
1474 1688 1629 1772 Sanctae
1654 1685 1753 1766 Hel·

184 1827 281 1904 lenae
312 1822 515 1928 navigans,
557 1817 708 1928 reperit
747 1818 1009 1923 horologium
1039 1815 1155 1897 suum
1187 1814 1473 1906 oscillatorium
1508 1815 1563 1896 ibi
1599 1813 1751 1896 tardius

184 1947 342 2028 moveri
366 1971 488 2058 quam
511 1943 698 2038 Londini,
726 1941 794 2024 sed
815 1939 1088 2024 differentiam
1109 1969 1191 2024 non
1213 1943 1379 2023 notavit.
1437 1939 1666 2024 Pendulum
1686 1965 1754 2022 ve·

184 2097 232 2154 ro
261 2071 421 2154 brevius
442 2069 626 2153 reddidit
654 2065 862 2177 plusquam
893 2065 1031 2149 oslava
1050 2089 1163 2174 parte
1190 2065 1324 2172 digiti,
1352 2062 1420 2147 seu
1441 2067 1544 2148 linea
1563 2088 1754 2148 unacum

185 2192 349 2276 semisse.
414 2191 468 2274 Et
501 2193 552 2274 ad
586 2192 666 2272 hoc
697 2189 976 2284 efficiendum,
1014 2215 1109 2270 cum
1145 2189 1362 2294 longitudo
1391 2190 1571 2271 cochleae
1606 2191 1647 2271 in
1673 2191 1754 2276 ima

184 2339 299 2424 parte
327 2315 494 2424 penduli
524 2339 608 2396 non
643 2308 863 2407 sufficeret,
896 2313 1089 2394 annulum
1114 2314 1295 2420 ligneum
1326 2316 1457 2394 thecae
1492 2314 1674 2396 cochleae
1706 2313 1750 2398 δι

184 2443 358 2550 ponderi
384 2439 563 2552 pendulo
582 2437 837 2547 interposuit.

239 2565 404 2648 Deinde
431 2551 543 2646 anno
569 2563 667 2644 1682
690 2561 744 2644 D.
765 2559 896 2642 Varin
917 2559 959 2642 δε
985 2559 1037 2644 D.
1053 2559 1291 2664 ‘DesHayes
1311 2561 1554 2645 invenerunt
1579 2563 1755 2670 longitu-

184 2689 324 2772 dinem
358 2689 523 2796 penduli
551 2687 708 2794 srngulis
740 2685 903 2768 minutis
933 2687 1119 2769 secundis
1159 2687 1375 2771 oscillantis
1404 2688 1445 2770 in
1476 2687 1754 2773 observatotio

185 2813 301 2922 regio
331 2809 535 2897 Pariliensr
572 2810 650 2894 elle
684 2807 778 2918 ped.
810 2837 842 2907 3·
890 2811 957 2892 lin.
989 2809 1046 2904 8-;-.
1122 2808 1176 2894 Et
1205 2812 1246 2896 in
1275 2812 1399 2897 insula
1432 2813 1561 2894 Gorea
1609 2815 1755 2898 eadem

186 2937 387 3023 methodo
417 2938 716 3046 longitudinem
754 2935 921 3044 penduli
959 2935 1174 3046 synchroni
1209 2937 1453 3023 invenerunt
1484 2935 1562 3024 esse
1590 2940 1682 3049 ped.
1719 2969 1754 3039 3·

137 3053 251 3151 '‘lin.
272 3069 332 3160 64,
366 3054 561 3148 existente
591 3061 895 3171 longitudinum
925 3057 1155 3144 differentia
1183 3062 1251 3144 lin.
1281 3092 1318 3144 2.
1383 3059 1438 3144 Et
1467 3063 1617 3145 eodem
1646 3091 1753 3148 anno

186 3189 235 3274 ad
253 3189 395 3274 insulas
416 3187 710 3295 Guadaloupam
730 3183 775 3268 δι
794 3183 1063 3267 Martinicam
1083 3185 1329 3292 navigantes,
1358 3186 1600 3268 invenerunt
1626 3188 1756 3295 longi·

186 3314 370 3397 tudinem
401 3311 568 3422 penduli
584 3307 801 3417 synchroni
822 3307 865 3389 in
892 3307 952 3388 his
978 3301 1219 3388 insulis'esse
1243 3307 1334 3416 ped.
1362 3335 1395 3404 3.
1423 3310 1490 3391 lin.
1507 3315 1565 3394 6÷.

240 3435 409 3520 Posthac
453 3433 507 3516 D.
534 3433 697 3539 Conplet
735 3431 838 3516 filius
872 3456 979 3514 anno
1020 3438 1120 3536 1697
1156 3433 1292 3515 mense
1322 3433 1449 3538 Jahn,
1495 3433 1755 3542 horologium

187 3558 302 3644 suum
330 3556 616 3641 oscillatoriurn
645 3556 696 3639 ad
726 3575 888 3638 motum
919 3554 1010 3638 solis
1038 3555 1221 3639 medium
1255 3557 1296 3640 in
1330 3555 1609 3642 observatorio
1641 3559 1754 3668 regio

185 3683 390 3772 Paristenst
410 3682 462 3766 hc
491 3683 655 3794 aptavit,
683 3701 727 3766 ut
748 3700 934 3790 tempore
957 3681 1046 3764 satis
1070 3682 1195 3788 longo
1217 3683 1477 3791 horologium
1513 3707 1608 3766 cnm
1636 3705 1755 3768 motu

184 3808 274 3894 solis
292 3830 550 3919 congrueret.
607 3807 772 3893 Deinde
794 3803 1078 3918 Ulyffipponem
1104 3809 1292 3915 navigans
1310 3809 1465 3891 invenit
1484 3809 1597 3921 quod
1619 3812 1755 3894 mense

186 3934 411 4016 Novembri
444 3933 637 4042 proximo
671 3932 931 4040 horologium
966 3933 1117 4015 tardius
1145 3931 1222 4014 iret
1251 3957 1372 4042 quam
1407 3933 1530 4040 prius,
1558 3934 1754 4017 existente

188 4055 417 4142 differentia
440 4056 493 4140 2‘.
516 4054 595 4154 13⁶
620 4059 659 4142 in
682 4059 791 4141 horis
816 4088 880 4160 24.
938 4053 993 4140 Et
1025 4057 1161 4140 mense
1188 4058 1349 4138 Martio
1380 4055 1573 4168 sequente
1601 4059 1754 4138 Parai-

186 4183 276 4264 bam
302 4183 490 4289 navigans
515 4181 670 4264 invenit
698 4182 755 4262 ibi
781 4180 1043 4286 horologium
1068 4180 1184 4262 suum
1214 4180 1364 4264 tardius
1392 4183 1451 4264 ire
1470 4209 1592 4292 quam
1625 4185 1754 4264 Pari-

174 4307 265 4408 fiis,
292 4303 489 4412 euislente
509 4300 737 4386 differentia
767 4299 820 4408 4'.
847 4298 927 4383 12'‘
944 4303 985 4387 in
1007 4301 1117 4384 horis
1138 4331 1201 4408 24.
1257 4299 1312 4384 Et
1334 4301 1509 4387 affirmat
1531 4305 1755 4413 pendulum

187 4429 238 4510 td
270 4429 426 4513 minuta
455 4427 631 4512 secunda
662 4426 842 4510 oscillans
871 4425 1032 4510 brevius
1065 4424 1178 4508 fuisse
1214 4423 1460 4536 Ulyffipponi
1488 4429 1600 4512 lineis
1629 4445 1677 4519 2÷
1711 4431 1754 4512 dc

188 4549 381 4634 Paraibae
406 4555 522 4637 lineis
544 4564 588 4652 3}
616 4579 737 4664 quam
768 4551 956 4658 Paristir.
1013 4549 1649 4660 Rethosposuillerdifferentins
1677 4551 1756 4636 esse
1813 4574 1816 4580 ·

191 4683 235 4774 1÷
252 4671 297 4756 δι
318 4689 377 4766 ι-ξ.
434 4679 537 4759 Nam
558 4677 620 4759 hae
641 4670 882 4759 disserentiae
913 4673 1152 4760 differentiis
1186 4694 1420 4782 temporum
1451 4675 1614 4772 2',13'',
1642 4676 1684 4756 dc
1701 4676 1771 4781 4'.·

191 4794 272 4882 t2'‘
302 4796 560 4907 respondent.
629 4799 898 4886 Craslioribus
934 4801 1050 4905 huius
1084 4799 1431 4885 observationibus
1465 4801 1595 4886 minus
1625 4799 1753 4884 siden·

190 4929 289 5015 dum
304 4922 373 5010 cll.

875 5043 922 5130 H
942 5047 967 5130 h
987 5047 1014 5130 h
1033 5079 1058 5130 2
1627 5049 1755 5137 Annis
