4312 5652
446 253 542 348 182
755 253 1789 354 PHILOSOPHIAENATURALIS

237 419 293 480 θ’
314 417 435 478 M⁰1¹¹
454 440 617 508 motum
644 421 846 508 fluxus&
875 421 1068 509 refluxus.
1122 421 1200 508 Par
1220 425 1279 510 ell
1303 425 1407 510 tatio
1431 423 1543 532 globi
1571 423 1829 510 uniformiter
1846 447 2035 533 progre-

233 501 413 562 Cotroaurt

450 545 602 633 dientis
625 547 668 634 in
695 547 910 648 diredium,
938 549 981 634 δι
1006 551 1162 637 interea
1187 551 1432 637 revolventis
1449 551 1558 636 circa
1577 571 1765 636 centrum
1791 551 1910 634 suum
1933 555 2039 659 (per

449 671 589 783 legum
606 674 734 758 corol.
755 677 813 782 v.)
848 693 895 760 ut
924 672 968 758 δι
996 675 1109 784 globi
1135 675 1189 760 de
1218 675 1339 762 cursu
1366 674 1575 761 reddineo
1604 675 1863 760 uniformiter
1892 669 2041 768 tradti,

450 806 544 912 (per
558 802 696 912 legum
717 801 845 887 corol.
867 809 925 912 6.)
979 801 1168 888 Accedat
1188 822 1325 889 autem
1343 828 1490 915 corpus
1508 801 1553 902 S,
1581 801 1692 887 &ab
1710 801 1827 914 ipsius
1845 802 2038 913 inaequa-

449 925 520 1011 bili
548 927 786 1014 attraslione
813 953 915 1014 mox
943 929 1171 1015 turbabitur
1198 955 1311 1043 aqua.
1374 927 1544 1016 Etenim
1573 929 1700 1038 major
1729 929 1807 1012 erit
1836 929 2033 1012 attratlio

452 1075 569 1166 aquae
588 1055 805 1168 propioris,
832 1055 970 1141 minor
988 1081 1036 1140 ea
1049 1055 1294 1140 remotioris.
1347 1055 1425 1143 Vis
1440 1078 1580 1141 autem
1602 1055 1712 1137 LM
1727 1053 1858 1138 trahet
1877 1080 2033 1168 aquam

454 1176 645 1264 deorsum
672 1180 716 1264 in
741 1179 1011 1295 quadraturis,
1038 1180 1243 1293 facietque
1270 1179 1394 1292 ipsam
1416 1179 1667 1266 descendere
1687 1179 1811 1290 usque
1838 1179 1891 1262 ad
1914 1181 2030 1288 syzy-

449 1307 563 1416 giam
584 1302 627 1389 dt
648 1307 706 1390 vis
724 1305 772 1390 K
777 1305 817 1388 L
834 1307 966 1392 trahet
984 1305 1159 1394 eandem
1175 1308 1326 1393 sursum
1336 1309 1377 1394 in
1388 1305 1569 1418 syzygiis,
1588 1297 1774 1418 {issetque
1785 1302 2030 1418 descensum

450 1434 552 1542 ejus,
579 1431 623 1516 dc
639 1433 761 1518 saciet
785 1431 911 1544 ipsam
941 1431 1157 1519 ascendere
1182 1431 1305 1546 usque
1333 1431 1385 1516 ad
1409 1433 1698 1545 quadraturas:
1728 1427 1801 1513 nifi
1823 1449 2029 1541 quatenus

451 1581 589 1646 motus
611 1557 768 1646 fluendi
787 1557 830 1642 δι
848 1557 1052 1646 refluendi
1073 1560 1125 1644 ab
1137 1561 1254 1646 alveo
1272 1583 1388 1671 aquae
1403 1559 1614 1672 dirigatur,
1641 1557 1684 1642 &
1699 1581 1771 1670 per
1789 1553 2029 1642 sriflionem

447 1685 701 1801 aliquatenus
726 1685 970 1771 retardetur.

509 1813 637 1900 Coros.
654 1841 719 1894 20.
747 1810 789 1898 Si
811 1811 979 1896 annulus
994 1809 1077 1920 jam
1095 1812 1238 1922 rigeat,
1266 1809 1310 1894 dc
1336 1813 1541 1896 minuatur
1562 1807 1721 1918 globus,
1750 1804 1916 1894 cessabit
1937 1834 2031 1895 mo·

446 2060 666 2176 ¹praecellio
689 2061 896 2150 nodorum
924 2064 1157 2150 manebunt.
1226 2061 1390 2148 Habeat
1416 2063 1560 2172 globus
1590 2062 1769 2148 eundern
1789 2089 1909 2148 axem
1927 2091 2026 2150 cum

449 2189 619 2290 annu10,
645 2189 847 2304 gyrosque
862 2192 1066 2302 compleat
1086 2189 1229 2276 iisdem
1254 2190 1520 2302 temporibus,
1548 2185 1819 2299 &superficie
1839 2189 2026 2278 suacon·

451 2318 583 2430 tingat
598 2319 730 2434 ipsum
748 2319 931 2419 interius,
957 2317 1079 2433 eique
1103 2318 1326 2420 intereat,
1355 2314 1399 2400 δι
1427 2313 1712 2432 participando
1743 2337 1907 2404 motum
1925 2317 2023 2428 ejus,

452 3721 673 3810 compages
691 3693 899 3806 utriusque
927 3691 1185 3792 oscillabitur,
1208 3695 1370 3783 &nodi
1389 3699 1686 3810 regredientur.
1741 3703 1849 3793 Nam
1867 3707 2020 3818 globus,

457 3850 505 3918 ut
535 3851 636 3912 mox
661 3825 836 3918 dicetur,
863 3819 914 3904 ad
941 3818 1206 3930 suscipiendas
1240 3823 1518 3937 impressiones
1540 3857 1683 3918 omnes
1699 3831 1938 3920 indifferens
1957 3833 2019 3919 est.

458 3956 612 4044 Annuli
631 3952 757 4063 globo
779 3946 911 4034 orbati
929 3946 1127 4031 maximus
1147 3949 1415 4038 inclinationis
1440 3958 1605 4064 angulus
1620 3957 1690 4057 est,
1718 3961 1788 4043 ubi
1813 3963 1914 4045 nodi
1934 3963 2020 4046 sunt

453 4085 499 4170 in
518 4079 698 4195 syzygiis.
751 4073 853 4160 Inde
877 4073 919 4157 in
944 4067 1153 4182 progressu
1185 4076 1391 4161 nodorum
1418 4079 1469 4162 ad
1501 4081 1759 4289 quarqraturas
1789 4109 1965 4170 conatur
1993 4086 2021 4167 is

458 4206 763 4296 inclinationem
788 4202 896 4285 suam
918 4200 1117 4296 minuere,
1145 4197 1188 4282 dc
1213 4202 1288 4285 illo
1320 4225 1471 4286 conatu
1493 4229 1562 4289 mo
1613 4233 1651 4291 m
1679 4208 1879 4320 imprimit
1898 4209 2022 4318 globo

456 4338 551 4422 toti.
602 4319 775 4418 Retinet
800 4329 943 4440 globus
964 4347 1123 4410 motum
1143 4325 1392 4439 impressum,
1413 4331 1537 4443 usque
1557 4332 1656 4420 dum
1681 4339 1848 4421 annulus
1872 4359 2023 4420 conatu

455 4461 664 4546 contrario
691 4478 852 4540 motum
878 4455 985 4537 hunc
1010 4452 1136 4548 tollat,
1171 4453 1457 4566 imprimatque
1481 4477 1640 4541 motum
1668 4483 1823 4543 novum
1852 4461 1894 4544 in
1924 4486 2025 4542 con·

456 4585 622 4670 trariam
645 4603 833 4694 partem:
873 4579 1012 4689 Atque
1040 4575 1114 4659 hac
1141 4580 1298 4664 ratione
1332 4581 1528 4664 maximus
1558 4580 1828 4668 decrescentis
1858 4584 2024 4668 inclina·

457 4713 580 4799 tionis
606 4731 741 4794 motus
763 4709 808 4792 lit
837 4707 880 4791 in
911 4703 1166 4820 quadraturis
1196 4705 1419 4804 nodorum,
1458 4705 1501 4790 dt
1529 4709 1720 4793 minimus
1750 4709 2023 4794 inclinationis

452 4841 622 4948 angulus
645 4839 685 4923 in
715 4832 938 4918 odantibus
961 4832 1048 4944 post
1074 4835 1334 4945 quadraturas
1356 4872 1368 4932 ;
1403 4835 1498 4918 dein
1525 4837 1722 4920 maximus
1747 4837 2023 4922 reclinationis

454 4985 591 5050 motus
619 4964 661 5049 in
687 4959 871 5076 syzygiis,
899 4957 942 5043 δε
969 4959 1165 5044 maximus
1189 4961 1354 5070 angulus
1379 4959 1421 5045 in
1448 4960 1674 5047 oslantibus
1696 4963 1911 5072 proximis.
1972 4956 2025 5042 Et

1872 5083 2023 5171 eadem

2130 543 2134 622 l
