4450 5674
723 244 1294 370 PRAEFATIO

223 425 265 510 in
298 417 581 511 secundariam
615 409 668 496 ¹src
688 403 734 496 ric
752 436 907 497 omnes
934 407 1115 522 primarii
1142 409 1184 492 iu
1210 405 1362 505 solem,
1395 407 1520 496 &sol
1547 408 1715 495 vicill'rm
1741 411 1784 494 in

224 545 450 660 primarios.

278 669 404 779 Igitur
423 663 480 749 sol
497 663 538 746 in
552 663 728 772 planetas
742 655 948 740 unirersos
964 657 1136 766 grauitat
1163 656 1206 739 δι
1226 655 1400 743 universa
1423 659 1463 742 in
1484 655 1621 742 solenr.
1679 655 1785 740 Nam

219 789 451 880 'secundarii
468 789 569 872 dum
596 782 811 896 primarios
831 781 922 864 suos
949 783 1212 881 comitantur,
1243 785 1510 868 revolvuntur
1530 785 1684 868 interea
1711 781 1788 863 cir-

225 947 320 1006 cum
337 918 462 1002 solem
486 939 566 996 una
589 935 683 994 curn
704 907 914 1019 primariis.
955 903 1118 991 Eodem
1141 907 1279 1019 iraque
1297 927 1554 1019 argumento,
1580 905 1792 1020 utriusque

225 1045 385 1155 generis
403 1043 576 1153 planetae
592 1033 792 1145 gravitant
807 1034 848 1116 in
869 1031 1008 1130 solem,
1036 1032 1151 1116 &sol
1171 1033 1213 1117 in
1231 1033 1350 1144 ipsos.
1397 1035 1667 1120 Secundarios
1688 1057 1791 1117 vero

224 1176 403 1282 planetas
425 1173 468 1255 in
483 1167 609 1252 solem
628 1165 824 1274 gravitare
845 1162 1005 1248 abunde
1025 1163 1187 1276 insuper
1207 1167 1363 1255 constat
1377 1193 1431 1252 err
1454 1167 1791 1280 inequalitatibus

225 1295 452 1390 lunaribus;
489 1315 659 1405 quarum
687 1285 1022 1372 accuratissimam
1054 1287 1269 1392 theoriam,
1307 1290 1544 1378 admiranda
1575 1292 1794 1402 sagacitate

225 1425 491 1542 patesaslam,
537 1418 578 1502 in
611 1415 736 1501 tertio
771 1414 888 1516 hujus
918 1415 1053 1523 operis
1089 1415 1196 1501 libro
1226 1418 1449 1528 expositam
1478 1419 1682 1502 habemus.
1811 1425 1817 1430 '

284 1547 388 1632 Solis
421 1543 613 1626 virtutem
649 1533 898 1620 attraslivam
920 1535 1254 1648 quoquoversum
1278 1541 1493 1650 propagari
1525 1539 1576 1623 ad
1607 1540 1796 1648 ingentes

226 1672 355 1782 usque
368 1664 583 1758 distantias,
601 1658 644 1743 bc
661 1659 742 1744 sese
756 1654 989 1743 diffundere
1008 1659 1059 1743 ad
1074 1657 1243 1769 singulas
1258 1661 1507 1774 circumjecti
1523 1662 1637 1773 spatii
1650 1679 1797 1772 partes»

225 1790 474 1908 apertissrme
502 1783 639 1893 colligi
657 1779 789 1894 potest
808 1802 862 1866 ex
884 1799 1002 1867 motu
1027 1802 1306 1882 cometarum
1334 1788 1407 1898 qui
1437 1786 1487 1868 ab
1505 1783 1707 1870 immensis
1735 1785 1797 1868 in-

230 1919 405 2007 tervallis
433 1909 607 2027 ptosesli
635 1909 824 1994 seruntur
848 1907 891 1992 in
913 1907 1100 1993 viciniam
1122 1909 1229 2008 solis,
1255 1909 1298 1993 δι
1314 1935 1606 2024 nonnunquam
1626 1903 1731 1996 adeo
1743 1907 1796 1994 ad

230 2041 361 2156 ipsum
385 2036 574 2150 proxime
598 2029 801 2116 accedunt
820 2048 865 2114 ut
891 2031 1059 2140 globum
1078 2031 1179 2140 ejus,
1205 2034 1247 2118 in
1262 2035 1466 2145 periheliis
1483 2034 1559 2119 suis
1583 2033 1800 2122 versantes,

233 2185 392 2250 tantum
416 2185 500 2245 non
525 2155 767 2264 contingere
788 2151 1016 2239 videantur.
1072 2153 1241 2241 Horum
1266 2158 1468 2242 theoriam
1489 2158 1538 2242 ab
1557 2153 1801 2241 allronomis

229 2289 402 2374 antehac
423 2279 565 2366 srustra
587 2275 808 2389 quesitam,
834 2273 972 2360 nostro
985 2277 1153 2362 tandem
1172 2278 1322 2364 saeculo
1339 2281 1512 2364 feliciter
1525 2281 1737 2364 inventam
1755 2275 1802 2358 bc

231 2441 308 2528 per
334 2406 636 2495 observationes
667 2399 890 2488 certissitne
921 2401 1259 2503 demonstratam,
1300 2403 1624 2517 praellantissrmo
1661 2403 1803 2490 nostro

233 2536 388 2626 aussori
403 2533 613 2620 debemus.
671 2527 790 2614 Patet
814 2529 940 2638 igitur
960 2549 1141 2616 cometas
1160 2531 1202 2616 in
1222 2531 1465 2618 sectionibus
1492 2531 1648 2617 conicis
1670 2529 1804 2615 umbi·
1829 2571 1831 2576 ¹

232 2667 337 2751 licos
355 2661 397 2746 in
413 2676 559 2744 centro
577 2653 670 2740 solis
685 2653 925 2741 habentibus
944 2655 1119 2753 moveri,
1139 2655 1182 2741 δι
1199 2659 1322 2744 radiis
1335 2659 1387 2744 ad
1401 2657 1525 2743 solem
1547 2655 1678 2742 dusiis
1693 2681 1805 2740 areas

231 2782 488 2897 temporibus
520 2779 847 2891 proportionales
875 2780 1120 2867 describere.
1176 2777 1244 2867 Ex
1269 2781 1378 2868 hisce
1397 2808 1499 2867 vero
1525 2780 1806 2894 phaenomenis

233 2909 492 2998 manifestum
520 2903 578 2990 est
607 2901 650 2986 &
670 2903 957 2990 mathematice
975 2905 1286 3018 comprobatur,
1312 2907 1418 2991 vires
1442 2907 1540 3005 illas,
1566 2905 1713 3018 quibus
1733 2929 1809 2989 co·
1888 2953 1893 2964 ·

235 3054 360 3124 metae
378 3031 608 3117 retinentur
625 3027 667 3112 in
688 3027 833 3112 orbitis
850 3029 943 3126 suis,
970 3027 1174 3139 respicere
1201 3030 1326 3114 solem
1353 3029 1398 3116 δι
1416 3028 1497 3116 esse
1522 3031 1735 3141 reciproce
1761 3048 1810 3114 ut

236 3161 432 3276 quadrata
445 3153 722 3239 distantiarum
740 3151 790 3236 ab
816 3151 936 3267 ipsrus
960 3175 1119 3242 centro.
1171 3155 1393 3243 Gravitrnt
1411 3157 1551 3272 itaque
1571 3173 1749 3241 conrerae
1766 3153 1810 3240 in

236 3289 384 3374 solem:
402 3298 525 3390 atque
547 3275 655 3362 adeo
673 3275 765 3360 solis
782 3278 842 3362 vis
868 3273 1079 3366 attrasliva
1099 3305 1186 3368 non
1209 3299 1369 3368 tantum
1401 3281 1454 3365 rrl
1476 3306 1654 3394 corpora
1671 3281 1808 3390 plane·
1937 3369 1943 3381 ,

239 3431 375 3498 rarum
387 3404 430 3488 in
450 3400 553 3484 alatis
573 3397 767 3482 distantiis
782 3396 826 3480 ὅτ
854 3401 897 3484 in
921 3399 1075 3486 eodem
1098 3403 1187 3488 fere
1207 3405 1329 3515 plano
1355 3403 1568 3498 collocata,
1594 3399 1664 3484 secl
1683 3401 1807 3484 etiarn

239 3533 293 3622 ad
313 3545 495 3615 cometas
507 3525 552 3609 in
570 3520 842 3608 diverfiffimis
862 3525 1059 3610 caelorum
1077 3527 1313 3635 regionibus
1327 3525 1373 3612 bc
1390 3526 1436 3611 in
1456 3523 1726 3612 ‹liversrffimis
1748 3524 1811 3611 cli·

235 3653 392 3742 slantiis
417 3647 568 3762 postas
585 3647 794 3758 pertingit.
849 3644 960 3733 flac
975 3648 1101 3760 igitur
1120 3649 1178 3736 esl
1201 3669 1344 3737 natura
1365 3672 1589 3761 corporum
1610 3649 1811 3760 graviton-

242 3781 361 3878 tium‚
388 3773 555 3862 utvires
572 3771 658 3856 satas
678 3763 802 3857 edant
825 3771 879 3858 ad
911 3795 1054 3860 omnes
1076 3773 1280 3862 distantias
1295 3775 1339 3862 in
1355 3777 1495 3861 omnia
1519 3797 1694 3886 corpora
1720 3799 1812 3883 gra·

242 3904 423 3992 vitantia.
477 3896 578 3984 lnde
596 3921 696 3982 reto
710 3895 905 4010 sequitur,
923 3899 1155 4009 planetas&
1174 3921 1357 3989 cometas
1374 3902 1581 3986 universos
1599 3899 1640 3985 se
1663 3918 1812 3983 mutuo

242 4029 421 4121 trahere,
445 4020 490 4106 o
506 4021 550 4106 in
567 4022 608 4105 se
635 4037 782 4103 mutuo
795 4043 937 4129 gravem
953 4019 1052 4108 else:
1081 4025 1339 4138 quodetiam
1361 4023 1627 4135 confirmatur
1646 4049 1701 4108 err
1720 4047 1813 4134 per·

245 4151 479 4242 turbatione
494 4146 598 4256 jovis
616 4141 659 4228 δι
678 4141 843 4243 tatami,
863 4143 1102 4234 astronomis
1121 4175 1206 4236 non
1219 4151 1443 4260 incognita,
1460 4146 1504 4233 ἆ
1517 4148 1569 4233 ab
1587 4147 1811 4232 aclionibus

243 4284 395 4367 ‘horum
407 4277 661 4387 planetarum
679 4271 723 4356 in
740 4270 780 4356 se
807 4271 985 4358 invicem
1004 4274 1199 4374 oriunda;
1233 4273 1400 4389 quin&
1424 4299 1477 4360 ex
1498 4293 1615 4358 motu
1633 4274 1703 4356 illo
1728 4273 1813 4357 len·

242 4397 622 4606 rissrmosapsrdum,
647 4392 720 4507 qui
743 4393 1127 4507 supramemoratus
1149 4399 1220 4500 esl,
1246 4399 1401 4514 quique
1421 4425 1445 4482 a
1470 4396 1586 4484 causa
1612 4399 1814 4486 consrmil't

245 4525 393 4640 profici
412 4523 533 4607 citur.
663 4539 666 4546 ’

304 4643 369 4731 Εο
384 4646 555 4731 demum
568 4645 828 4756 pervenimus
847 4665 894 4730 ut
912 4646 1213 4745 dicendumst,
1239 4647 1447 4735 &terram
1465 4643 1646 4734 &solem
1659 4645 1705 4730 δι
1723 4651 1817 4746 cori

247 4779 353 4886 ‚porr
370 4773 505 4860 omnia
517 4772 701 4874 caelellia,
726 4797 820 4887 quae
834 4771 961 4862 solem
979 4773 1244 4878 comitantur,
1261 4773 1302 4864 se
1320 4793 1466 4864 mutuo
1479 4777 1694 4864 attrahere.
1725 4768 1817 4855 Sin·

1043 4897 1129 4982 ba
1624 4900 1817 5011 guloruro
