4338 5656
335 343 738 454 ramorum
812 333 1451 440 uirorumue.
1607 359 1721 462 495·

146 535 306 612 cometa
324 521 367 605 in
386 514 487 604 orbe
509 509 681 626 proprio
700 497 1153 593 interobservatione'nr
1177 508 1350 618 primam
1373 530 1419 589 ac
1445 491 1608 589 tertiam
1632 487 1924 632 de-Tssgffiu,

146 653 320 740 scribere
343 645 481 736 debet,
508 631 688 749 ideoque
707 629 780 746 ipsr
800 627 913 714 MN
927 633 1099 746 aequalia-
1117 629 1254 728 fuerit,
1282 629 1320 715 sa
1336 627 1465 716 modo
1492 627 1532 710 B
1559 628 1606 714 srr
1637 653 1705 712 ve
1779 630 1783 636 ’

148 762 599 862 ruscometaelocusin
619 757 975 873 planoeclipticae.
1661 815 1663 818 .

202 901 416 987 Caeterum
440 887 588 1004 puritia
610 885 663 986 B,
684 884 722 984 b,
748 889 883 980 ss-non
905 880 1115 997 quaelibet,
1143 879 1214 968 sed
1235 905 1336 966 vero
1350 878 1539 994 proxima
1554 877 1718 988 eligere-

151 1020 358 1109 eonvenit.
401 1015 445 1100 Si
463 1012 629 1123 angulus
651 1007 790 1128 ΑΨ,
815 1005 860 1091 in
886 1032 973 1120 quo
999 1003 1214 1118 vestigium
1234 1003 1344 1091 orbis
1366 1004 1409 1088 in
1437 1004 1559 1116 plano
1586 999 1713 1111 eclip.

153 1151 249 1233 ticae
268 1141 520 1254 descriptum
541 1136 649 1222 secat
675 1135 828 1220 retiam
845 1131 929 1231 tB,
956 1151 1283 1248 praeterpropter
1302 1133 1551 1231 innotescat;
1580 1131 1622 1215 in
1645 1155 1713 1212 an·

154 1275 252 1386 gulo
273 1269 344 1356 ilio
374 1259 564 1352 ducenda
584 1261 666 1345 erit
685 1257 795 1344 reda
825 1259 989 1344 occulta
1020 1256 1115 1358 AC,
1141 1286 1235 1375 quae
1262 1259 1309 1344 srt
1328 1259 1379 1344 ad
1406 1271 1430 1363 ς·
1456 1261 1500 1343 T
1511 1298 1532 1340 τ
1559 1259 1600 1343 in
1623 1256 1713 1340 sub·
1795 1267 1802 1280 ’

156 1395 364 1508 duplicata
389 1388 547 1473 ratione
570 1383 732 1502 S-Qad
761 1380 832 1466 St.
879 1379 936 1468 Et
961 1386 1123 1493 agendo
1141 1388 1307 1478 ,retiam
1334 1385 1463 1484 SEB‚
1491 1383 1604 1495 cujus
1623 1408 1714 1496 pars
1729 1431 1736 1440 „

158 1521 249 1604 ΕΒ
275 1534 461 1630 aequetur
486 1509 735 1623 longitudini
758 1507 839 1626 Vt,
865 1511 1207 1597 determinabitur
1224 1511 1421 1625 puniium
1441 1513 1480 1594 B
1498 1509 1613 1628 quod
1635 1508 1726 1622 pri-fl

157 1659 224 1718 nra
251 1632 339 1714 vice
358 1623 553 1736 usurpare
574 1621 683 1714 licet.
724 1618 841 1704 Turn
873 1621 982 1706 reda
1008 1623 1097 1710 AC
1115 1623 1249 1707 deleta
1281 1622 1324 1706 dr
1357 1621 1584 1709 secuudum
1612 1639 1718 1732 prae·

160 1755 381 1841 cedentem
401 1743 748 1833 construdionern
770 1746 921 1830 iterum
946 1743 1085 1848 duria,
1111 1747 1155 1831 ἃ
1173 1747 1339 1834 inventa
1358 1747 1523 1862 insuper
1541 1745 1721 1856 torgitur

160 1881 258 1966 dine
277 1876 336 1958 M
342 1877 418 1972 P;
448 1873 491 1957 in
516 1870 592 1954 tB·
608 1869 793 1980 capiatur
823 1868 1021 1982 pundum
1048 1872 1088 1972 b,
1116 1899 1165 1958 ea
1193 1875 1300 1984 lege,
1326 1893 1372 1959 ut
1400 1873 1429 1958 sr
1452 1872 1550 1969 TA,
1577 1911 1598 1954 τ
1619 1872 1658 1960 C
1677 1872 1735 1959 se·

159 2025 307 2092 mutuo
333 1999 538 2085 secuerint
565 1996 608 2081 iu
635 1993 683 2092 Y,
709 1993 757 2078 srt
781 1995 968 2081 distantia
993 1993 1063 2079 Tb
1081 1998 1382 2087 addistantiam
1407 1999 1450 2082 Y
1451 1999 1505 2108 B,
1531 1999 1573 2083 in
1599 1999 1736 2083 rano·-
1812 2084 1817 2092 ,

159 2153 213 2214 ne
228 2122 461 2235 composita
485 2147 543 2204 ex
556 2117 722 2203 'ratione
740 2117 802 2200 M
805 2118 849 2200 P
874 2116 927 2202 ad
957 2117 1130 2203 MN&
1149 2123 1308 2208 ratione
1329 2121 1610 2234 subduplicata
1641 2121 1742 2207 SB'

161 2249 214 2336 ad
238 2249 314 2330 Sb.
359 2241 416 2330 Et
439 2241 587 2330 eadem
604 2241 808 2324 methodo
830 2237 1127 2328 inveniendum
1146 2247 1226 2329 erit
1256 2246 1457 2358 panorm
1487 2244 1658 2329 tertium
1693 2245 1744 2342 β-

162 2375 193 2459 fi
212 2371 341 2456 modo
358 2367 643 2481 operationem
665 2363 792 2448 tertio
810 2382 1000 2476 repetere
1018 2367 1149 2461 lubet,
1195 2367 1276 2453 Sed
1300 2369 1374 2454 bac
1401 2369 1603 2455 methodo
1623 2394 1745 2482 opes·

163 2496 341 2581 rationes
359 2493 454 2576 duae
472 2509 520 2576 ut
542 2487 768 2602 piurimum
780 2484 1030 2576 suffecerint.
1064 2491 1228 2578 Namfi
1254 2493 1438 2582 distantia
1462 2489 1538 2578 Bb
1563 2491 1723 2606 perexi'

165 2643 245 2728 gua
264 2616 516 2709 obveneritr
547 2613 762 2728 postquam
782 2612 948 2700 iuventa
980 2613 1071 2714 sunt
1099 2617 1248 2732 punfia
1277 2617 1328 2718 F,
1347 2620 1390 2727 f
1407 2615 1453 2703 ὅτ
1479 2616 1531 2715 G,
1557 2637 1605 2730 ga
1626 2611 1749 2700 atra·

165 2736 291 2825 redae
315 2741 358 2825 F
362 2743 403 2850 f
418 2733 529 2822 &.G‹
534 2765 563 2853 g
585 2737 780 2824 secabunt
802 2737 891 2826 TA
905 2738 999 2886 &f
1018 2741 1120 2834 Cssin
1142 2741 1496 2861 punctis-quastus
1515 2741 1621 2828 X&
1640 2739 1697 2828 Z.

804 3059 1107 3202 Exemplnmr-
1165 3113 1170 3124 ·

223 3326 486 3439 Proponatur
517 3337 681 3412 cometa
709 3315 804 3404 anni
834 3314 949 3402 1680.
1005 3319 1144 3432 Hujus
1171 3331 1336 3412 'motum
1355 3351 1377 3411 a
1397 3315 1629 3438 Fla'mstedia
1642 3320 1739 3417 “obss'r

172 3449 375 3538 servarum
389 3447 432 3530 dc
446 3471 501 3532 ex
519 3436 869 3531 observationibus
889 3441 1192 3558 computatum,
1217 3465 1341 3561 atque
1356 3450 1408 3535 ab
1424 3451 1586 3538 Hallrr'o
1602 3456 1735 3542 exiise

13 3699 15 3716 Ι
173 3563 903 3688 demobservatiuaiburcorrefium,
918 3565 1063 3662 ..tabula
1076 3569 1253 3688 sequena
1268 3573 1456 3696 exhibea·
