4450 5674
448 226 852 325 PRINClPlA
899 221 1496 326 MATHEMATICA'.
1710 245 1770 344 2‘7

193 397 417 512 impressa,
443 399 495 486 ad
518 400 783 484 velocitatem
813 423 893 512 qua
911 417 1044 511 partes
1069 398 1168 510 ligni
1188 399 1342 485 cedunt
1368 426 1517 500 cuneo,
1544 397 1768 486 seeundum
1826 409 1956 472 hers

194 528 325 611 lineas
344 524 522 611 faciebus
549 550 670 609 cuner
658 522 1057 636 perpendiculares.
1111 521 1167 608 Et
1195 549 1266 637 par
1285 526 1342 612 est
1365 527 1468 609 ratio
1493 525 1770 613 machinarum
1820 492 1972 554 “⁰¹⁰⁸

196 649 400 734 omnium.
1485 717 1490 727 ,

256 773 419 860 Harum
439 771 622 860 efficacia
642 773 685 858 de
703 772 793 859 usus
812 773 855 859 in
875 799 928 860 eo
947 773 1032 860 solo
1060 773 1251 871 conflstit,
1285 792 1333 858 ut
1363 773 1635 884 diminuendo
1657 779 1768 865 uelo·

193 903 370 987 citatem
393 926 606 1010 augeamus
632 901 729 999 vim,
759 900 802 984 &
828 921 992 985 contra:
1030 899 1153 986 Unde
1179 901 1346 985 solvitur
1366 903 1405 986 in
1437 905 1550 988 omni
1577 924 1766 1014 aptorum

193 1027 562 1114 instrumentorum
594 1027 744 1143 genere
771 1027 991 1138 problema,
1027 1029 1190 1142 Darem
1209 1027 1366 1140 pondus
1387 1031 1485 1114 data
1504 1033 1553 1113 oi
1569 1035 1765 1134 movendi,

194 1153 372 1237 aliamve
407 1151 543 1238 datam
577 1151 835 1238 resistentiam
866 1151 907 1235 vi
939 1149 1032 1236 data
1064 1151 1288 1261 superandi.
1365 1152 1469 1238 Nam
1501 1153 1529 1238 st
1566 1159 1762 1243 machinae

192 1278 257 1364 it'a
294 1277 537 1376 formentur,
570 1298 616 1362 ut
649 1279 896 1364 velocitates·
926 1278 1080 1385 agentis
1118 1277 1162 1360 dc
1196 1277 1409 1362 refillentis
1442 1279 1516 1366 l'rnt
1549 1285 1762 1393 reciproce

195 1424 251 1490 ut
280 1406 412 1501 vireta
439 1430 559 1515 agens
589 1403 849 1490 resistentiam
874 1403 1109 1489 sustinebit:
1145 1402 1188 1488 δε
1222 1403 1362 1512 majori
1385 1433 1480 1492 cum
1499 1410 1763 1499 velocitatum

196 1531 434 1644 disparitate
464 1529 640 1616 eandem
676 1529 827 1614 vincet.
900 1528 1028 1612 Certe
1056 1527 1085 1613 sr
1116 1547 1225 1616 tanta
1261 1529 1308 1614 srt
1338 1533 1601 1620 velocitatum
1635 1536 1765 1650 dispa.

194 1658 324 1758 ritas,
361 1679 408 1744 ut
449 1657 634 1743 vincatur
664 1665 786 1742 etiam
817 1655 1035 1742 resistentia
1065 1659 1208 1755 omnis,
1245 1684 1338 1771 quae
1372 1678 1452 1744 tam¹
1486 1686 1540 1746 ex
1576 1664 1763 1774 contigu-

193 1812 323 1873 orum
354 1785 397 1868 δι
429 1785 535 1869 inter
563 1782 602 1866 se
628 1781 850 1867 labentium
876 1807 1098 1893 corporum
1133 1783 1353 1882 attritione,
1392 1812 1514 1898 quarn
1547 1814 1601 1872 ex
1630 1790 1764 1874 conti-

191 1938 380 2004 nuorum
410 1909 454 1996 &
486 1911 536 1996 ab
575 1911 752 1996 invicem
779 1909 1091 2021 separandorum
1122 1910 1346 1996 eohaesrone
1384 1909 1428 1995 δι
1473 1913 1763 2002 elevandorum

193 2034 454 2153 ponderibus
482 2033 580 2119 oriri
613 2033 743 2131 solet;
769 2034 952 2151 superata
977 2033 1090 2118 omni
1116 2059 1163 2117 ea
1188 2033 1417 2130 resistentia,
1444 2033 1504 2120 vis
1533 2035 1764 2124 redundant

194 2163 542 2255 accelerationem
568 2175 703 2242 motus
735 2157 807 2243 fibi
834 2140 1195 2270 proportionalem,
1230 2163 1377 2270 partim
1408 2163 1450 2245 in
1479 2165 1663 2272 partibus
1684 2191 1767 2250 ma·

194 2293 362 2391 chine,
397 2287 547 2400 partim
576 2283 618 2372 in
649 2309 826 2396 corpore
856 2284 1060 2372 resistente
1093 2285 1306 2398 producet
1374 2287 1586 2374 Caeterum
1605 2291 1766 2382 mecha·

193 2420 337 2514 nicam
373 2413 540 2508 tradate
564 2436 650 2498 non
675 2410 733 2498 est
766 2409 881 2520 hujus
910 2397 1092 2496 instituti
1149 2407 1277 2496 Hisce
1309 2411 1420 2497 volui
1447 2432 1604 2514 tantum
1633 2414 1766 2502 osten-

193 2547 327 2642 dere,
379 2565 501 2655 quam
545 2537 625 2621 late
676 2553 811 2646 pateat
851 2560 1057 2650 quamque
1108 2555 1219 2622 certa
1256 2536 1303 2621 srt
1341 2538 1410 2624 lex
1452 2540 1571 2624 tertia
1617 2561 1767 2626 motus

192 2669 311 2757 Nam
329 2667 358 2754 fi
375 2666 591 2755 aellimetur
609 2663 763 2773 agentis
789 2662 893 2749 adio
919 2687 969 2745 ex
993 2659 1077 2772 ejus
1100 2662 1141 2746 vi
1171 2659 1456 2749 &velocitate
1484 2663 1763 2805 conjundlimg

194 2797 249 2883 δι
283 2793 461 2881 similiter
484 2777 694 2873 resrstentis
722 2787 873 2871 readio
899 2786 1116 2876 aellimetur
1136 2783 1383 2904 conjunslim
1406 2785 1562 2896 exejus
1585 2780 1766 2907 partium

195 2919 446 3031 singularum
481 2914 762 3004 velocitatibus
797 2912 841 2997 dt
869 2914 1020 3002 viribus
1049 2895 1253 2998 refluendi
1286 2913 1335 3003 ab
1375 2939 1514 3005 earum
1530 2915 1768 3020 attritione,

194 3048 453 3146 cohaesione,
480 3043 680 3158 pondere,
705 3039 749 3124 dt
779 3041 1073 3128 acceleratione
1098 3039 1314 3139 oriundis;
1353 3061 1476 3126 erunt
1499 3041 1604 3129 assio
1632 3042 1676 3128 dt
1700 3047 1772 3132 re'·

195 3169 334 3271 aelio,
361 3173 404 3257 in
432 3170 545 3254 omni
571 3165 931 3253 instrumentorum
957 3167 1052 3264 usu,
1085 3163 1155 3249 fibi
1183 3167 1361 3251 invicem
1396 3167 1553 3277 semper
1580 3171 1766 3282 aequales.

196 3289 260 3382 Et
286 3315 484 3408 quatenus
512 3292 619 3377 aelio
647 3309 892 3400 propagatur
922 3319 995 3402 per
1027 3289 1337 3375 instrumentum
1368 3288 1412 3374 dc
1446 3293 1594 3378 ultimo
1627 3296 1766 3408 impri-

197 3423 331 3509 mitur
360 3423 404 3506 in
431 3447 580 3532 corpus
606 3439 734 3499 omne
763 3417 954 3515 resrllens,
980 3415 1065 3525 ejus
1085 3415 1227 3501 ultima
1255 3415 1542 3504 determinatio
1571 3419 1774 3512 determi.

198 3549 361 3638 nationi
386 3545 599 3636 reaslionis
626 3537 784 3654 semper
809 3543 886 3631 erit
907 3542 1121 3631 contraria.
