4338 5656
416 216 816 317 PRINCIPIA
860 202 1460 310 MATHEMATICA.
1628 229 1735 337 '491

171 389 403 504 gitudinem
422 389 465 473 in
484 405 678 497 tangente
698 384 960 494 descriptam,
981 399 1026 465 ut
1049 380 1084 466 S
1092 418 1121 490 p
1138 380 1191 466 ad
1211 380 1305 466 SN.
1334 380 1461 491 Igitur
1480 380 1528 465 A
1537 380 1575 468 C
1585 382 1630 469 dc
1649 389 1737 477 lon.
1771 375 1828 523 ‘ri
1838 394 1857 517 ἱ
1859 378 1936 519 ⁸1¹¹ss
1945 466 1958 506 Β

172 514 318 627 gitudo
348 512 424 598 hac
454 537 561 595 nova
592 509 812 597 uelocitate
842 504 1057 618 descripta,
1084 531 1180 591 curn
1211 506 1286 591 smt
1306 505 1357 592 ad
1377 507 1677 617 longitudinem
1696 513 1740 599 in
1962 492 1970 510 ’

173 658 366 748 tangente
386 637 631 747 descriptam
651 635 694 720 in
714 633 860 717 eadem
878 631 1051 729 ratione,
1072 653 1286 745 aequantur
1307 637 1414 719 inter
1434 634 1487 719 se.
1519 636 1573 751 ῥὰ
1584 637 1636 720 E.
1650 641 1715 723 D.

169 865 175 874 ,
229 764 357 849 Corol.
385 761 564 845 Cometa
584 759 709 868 igitur
730 784 778 841 ea
800 777 896 840 cum
916 756 1149 855 velocitate,
1177 783 1301 871 quam
1322 758 1443 843 habet
1463 757 1504 845 in
1525 762 1742 857 altitudine

148 875 150 880 ’
174 891 319 1000 Spa-p}
330 884 359 967 Ι
361 926 404 1000 p,
427 885 580 971 eodem
598 904 786 996 ternpore
806 880 1056 967 describeret
1078 884 1278 972 chordam
1293 888 1342 970 A
1350 887 1388 974 C
1399 883 1722 1000 quamproxime.
1884 905 1887 912 '

681 1136 1060 1236 LEMMA
1127 1138 1226 1239 XI.

244 1342 296 1446 Si
318 1364 484 1441 cometa
508 1362 627 1436 motu
660 1333 778 1433 omni
804 1331 1013 1473 privatus
1038 1331 1092 1430 de
1115 1327 1348 1430 altitudine
1372 1322 1470 1429 SN
1494 1334 1577 1452 stu
1603 1329 1730 1439 Sur

171 1498 274 1620 ,ζ-Ιμ
305 1491 622 1612 demitteretur,
657 1514 705 1586 ut
729 1486 904 1585 caderet
931 1483 978 1580 in
1004 1480 1157 1608 subm,
1195 1482 1258 1589 ἐφ’
1280 1522 1334 1583 ea
1354 1489 1535 1621 semper
1570 1485 1618 1585 vj
1640 1483 1741 1582 uni.

164 1645 378 1782 formiter
403 1642 657 1741 continuata
679 1666 909 1773 urgeretur
931 1637 978 1736 in
998 1636 1151 1763 fidem,
1180 1674 1273 1773 quu
1291 1665 1470 1769 urgetur
1481 1639 1566 1760 sub
1588 1638 1737 1762 initi015

177 1799 294 1902 idern
319 1793 497 1929 semiffe
526 1794 745 1932 temporis,
773 1832 857 1929 quo
890 1791 938 1892 in
961 1790 1059 1891 orbe
1083 1796 1163 1913 fito
1191 1790 1405 1915 describat
1431 1831 1585 1893 arcum
1615 1797 1737 1915 AC,

175 1955 373 2076 desteufit
395 1953 477 2072 fito
510 1942 765 2069 describeret
787 1945 992 2083 spatium
1014 1944 1273 2079 longitudini
1297 1946 1362 2066 Ιμ
1377 1947 1561 2084 equale.
1582 2021 1611 2066 ·.

232 2186 340 2271 Nam
360 2200 539 2275 cometa,
558 2204 644 2290 quo
663 2196 850 2283 tempore
866 2175 1066 2263 describat
1085 2204 1225 2263 arcum
1248 2178 1523 2289 parabolicum
1545 2181 1592 2261 A
1600 2180 1644 2278 C,
1673 2204 1742 2267 eo·

174 2313 276 2398 dem
295 2330 483 2416 ternpore
512 2329 560 2386 ea
579 2325 676 2383 curn
695 2297 928 2395 velocitate,
956 2324 1080 2411 quam
1108 2302 1231 2386 habet
1251 2307 1296 2383 in
1313 2300 1535 2387 altitudine
1549 2304 1632 2388 te
1650 2312 1742 2417 (per

178 2440 328 2522 lemma
348 2427 628 2535 novissimum)
656 2421 858 2506 describet
883 2424 1082 2509 chordam
1101 2432 1150 2511 A
1157 2427 1201 2524 C,
1236 2423 1416 2539 ideoque
1443 2429 1540 2539 (per
1559 2436 1686 2517 corol.
1707 2460 1744 2534 7.

177 2586 295 2676 prop.
313 2583 397 2642 xvr.
415 2550 481 2636 lib.
501 2558 548 2659 1.)
566 2547 717 2633 eodem
740 2564 926 2656 ternpore
944 2548 986 2631 in
1007 2549 1176 2648 circulo,
1195 2549 1307 2658 cujus
1326 2549 1625 2639 semidiametec
1646 2554 1745 2639 esset

179 2683 274 2774 SP,
296 2679 337 2763 vi
355 2673 558 2786 grauitatis
578 2669 657 2754 suae
675 2668 941 2764 revolvendo,
960 2668 1208 2758 describeret
1223 2700 1373 2782 arcum,
1394 2675 1506 2782 cujus
1524 2678 1743 2788 longitudo

179 2801 277 2890 esset
303 2799 355 2882 ad
382 2823 497 2882 arcus
521 2793 741 2907 parabolici
759 2791 958 2877 chordam
981 2794 1077 2891 AC,
1104 2796 1147 2880 in
1171 2796 1447 2909 subduplicata
1474 2801 1631 2887 ratione
1655 2806 1742 2890 uni·

179 2929 270 3014 tatis
292 2923 341 3009 ad
360 2921 573 3006 binarium.
630 2915 685 3002 Et
704 2936 921 3029 propterea
942 2942 994 3002 eo
1013 2946 1109 3003 curn
1132 2922 1331 3031 pondere,
1349 2925 1464 3033 quod
1481 2926 1602 3011 habet
1619 2930 1662 3015 in
1681 2931 1744 3014 so·

178 3055 261 3135 lem
289 3050 331 3133 in
355 3042 569 3130 altitudine
594 3042 622 3121 S
632 3042 690 3137 P,
718 3041 907 3125 cadendo
931 3041 986 3125 de
1019 3044 1233 3129 altitudine
1261 3047 1326 3129 illa
1359 3048 1563 3147 intorem,
1592 3053 1743 3140 descri-

178 3179 296 3262 beret
321 3167 474 3256 semisse
497 3165 693 3275 temporis
718 3165 822 3250 illius
852 3172 952 3275 (per
976 3171 1104 3254 cotol.
1127 3201 1163 3277 9.
1190 3197 1307 3283 prop.
1327 3196 1379 3254 tv.
1408 3172 1476 3257 lib.
1496 3181 1543 3284 r.)
1571 3175 1742 3286 spatium

178 3297 335 3411 aequale
361 3292 563 3407 quadrato
585 3285 750 3383 semissis
776 3288 945 3373 chotdae
970 3290 1075 3377 illius
1094 3297 1296 3407 applicato
1322 3296 1372 3380 ad
1396 3296 1668 3412 quadruplum
1691 3305 1745 3390 al.

180 3485 362 3571 titudinis
383 3482 484 3575 SP,
514 3477 649 3574 idest,
675 3477 845 3590 spatium
855 3412 987 3650 443.
1043 3480 1166 3571 Unde
1188 3511 1284 3572 curn
1310 3486 1472 3599 pondus
1499 3510 1674 3608 cometae
1699 3496 1743 3582 in

180 3674 308 3758 solem
334 3671 376 3756 in
403 3664 619 3749 altitudine
639 3661 734 3747 SN
753 3662 799 3747 stt
823 3668 874 3752 ad
909 3669 1027 3781 ipsius
1053 3673 1213 3779 pondus
1243 3675 1431 3760 insulem
1458 3677 1500 3762 in
1527 3666 1742 3765 altitudine

182 3795 284 3893 SP.
313 3814 358 3879 ut
388 3788 474 3875 SP
498 3789 550 3874 ad
576 3789 609 3874 S
614 3814 667 3900 μς
696 3809 859 3874 cometa
882 3795 1066 3903 pondere
1090 3799 1205 3910 quod
1225 3799 1346 3884 habet
1370 3805 1413 3886 in
1434 3802 1647 3891 altitudine
1666 3806 1752 3891 SN

181 3980 333 4065 eodem
359 3998 561 4086 tempore,
586 3973 778 4060 insulem
807 3978 1010 4081 cadendo,
1044 3985 1246 4073 describet
1273 3985 1444 4097 spatium
1459 3926 1591 4166 ἐξ,
1613 3994 1655 4078 id
1672 3992 1743 4092 esl,

180 4167 353 4283 spatium
375 4166 621 4276 longitudini
641 4160 703 4265 Ιμ
723 4160 789 4245 vel
809 4166 900 4279 Mp
927 4173 1090 4281 aequale.
1147 4175 1201 4292 Q
1221 4173 1272 4258 E.
1292 4176 1354 4261 D.

520 4789 526 4799 ,
644 4828 648 4836 ¹
800 4714 996 4837 ,ΕΓΗ
1070 4753 1121 4830 j,
