4336 5656
373 237 776 335 structura
824 227 1422 332 Marunsrnrrcn
1632 261 1697 360 95

8 365 11 544 ξ
119 414 298 526 gonales
321 412 426 512 AF,
455 412 546 495 BE
566 411 698 498 biseca
718 410 839 497 inM
854 409 897 494 dc
918 408 977 507 N,
1004 408 1048 495 dt
1073 408 1316 522 (percorol.
1340 436 1374 508 3·
1402 405 1495 490 lem
1510 409 1624 516 ω)
1644 430 1706 491 re.
1737 403 1904 549 emisse

120 547 194 628 cla
225 541 335 624 MN
349 567 421 651 per
443 543 589 651 ponda
608 539 881 624 bisedlionum
908 541 993 623 adia
1016 538 1195 624 transrbit
1214 563 1288 649 per
1308 555 1495 622 centrum
1516 536 1701 646 trajesto·

8 653 13 764 f
119 671 215 755 riae.
272 665 425 751 Rursus
445 664 584 778 figurae
610 664 892 778 quadrilaterae
921 663 1016 745 BG
1034 663 1147 762 DF,
1171 661 1245 747 sub
1269 662 1353 746 aliis
1374 661 1578 775 quibusvis
1600 688 1700 776 qua·

8 781 11 832 ²
122 817 229 879 tuor
262 791 519 901 tangentibus
552 810 772 888 contentae,
812 790 1041 900 diagonales
1068 788 1141 894 (ut
1169 789 1224 874 ita
1257 787 1419 900 dicam)
1449 788 1567 888 BD,
1604 786 1708 872 GF

119 923 265 1009 biseca
285 920 327 1004 in
355 917 456 1004 P&
477 917 547 1036 Q:
576 917 620 1002 δι
640 919 749 1003 recta
777 917 977 1036 PQper
1004 916 1159 1028 puniia
1189 915 1456 1003 bisectionum
1479 917 1564 1005 asia
1598 938 1705 1006 trau·

121 1049 224 1134 srbit
257 1070 330 1156 per
363 1066 553 1129 centrum
579 1039 829 1154 trajesloriae.
886 1041 1060 1127 Dabitur
1091 1067 1192 1154 ergo
1220 1063 1408 1128 centrum
1434 1043 1477 1129 in
1501 1045 1705 1134 concursu

8 1194 9 1218 ³
121 1170 415 1259 bisecantium.
470 1167 529 1254 Sit
553 1167 652 1253 illud
676 1169 727 1252 Ο.
780 1167 989 1278 Tangenti
1007 1169 1135 1254 cuivis
1159 1169 1486 1281 BCparallelam
1506 1174 1646 1283 ageK
1653 1171 1705 1276 L,

8 1331 9 1406 j
119 1301 181 1389 ad
201 1323 296 1387 eam
320 1293 545 1382 distantiam
570 1313 617 1379 ut
643 1311 832 1380 centrum
857 1294 896 1377 O
924 1295 968 1379 in
988 1291 1128 1379 medio
1159 1295 1267 1380 inter
1298 1296 1500 1407 parallelas
1529 1300 1704 1398 locetur.

129 3169 177 3258 dc
197 3172 284 3260 adia
303 3173 350 3261 K
359 3173 400 3258 L
417 3188 557 3286 tanget
575 3173 850 3284 trajetitoriam
866 3174 1189 3263 describendam.
1233 3173 1353 3260 Secet
1378 3171 1469 3258 haec
1491 3186 1704 3285 tangentes

128 3300 227 3382 alias
246 3299 400 3410 quasvis
421 3298 519 3384 duas
539 3298 700 3398 GCD,
727 3298 771 3380 F
777 3297 880 3381 DE
896 3302 939 3388 in
962 3302 1000 3385 L
1017 3301 1126 3387 &K
1184 3297 1265 3384 Per
1282 3299 1427 3384 harum
1448 3298 1702 3404 tangentium

129 3447 219 3508 non
234 3421 509 3531 parallelarum
529 3419 623 3520 CL,
651 3419 742 3503 FK
758 3446 854 3507 cum
872 3425 1065 3536 parallelis
1082 3422 1173 3524 CF,
1193 3422 1240 3507 K
1244 3421 1286 3506 L
1305 3421 1523 3508 concursus
1537 3420 1629 3510 C&
1643 3423 1705 3520 K,

130 3547 179 3630 F
195 3545 240 3631 δι
258 3547 301 3634 L
322 3569 396 3657 age
416 3548 456 3639 C
462 3548 519 3648 K,
549 3545 640 3631 FL
654 3571 945 3636 concurrentes
967 3549 1010 3635 in
1028 3552 1083 3648 R,
1110 3548 1155 3634 dc
1173 3546 1281 3636 resia
1301 3550 1391 3635 OR
1408 3548 1528 3635 ducta
1542 3547 1585 3634 &
1604 3577 1702 3664 pro·

132 3670 256 3757 duda
282 3671 431 3756 secabit
458 3689 669 3786 tangentes
694 3675 896 3785 parallelas
914 3673 1011 3772 CF,
1047 3673 1093 3758 K
1103 3673 1143 3760 L
1169 3675 1212 3762 in
1240 3673 1399 3788 punctis
1424 3678 1702 3766 cantandum.
1723 3687 1725 3692 ’

132 3797 252 3884 Patet
271 3797 353 3884 hoc
377 3824 451 3909 per
478 3802 606 3885 corol.
628 3829 666 3880 2.
695 3801 790 3885 lem.
809 3829 929 3889 xxrv.
986 3799 1145 3888 Eadem
1173 3800 1375 3891 methodo
1398 3802 1580 3892 invenire
1604 3805 1702 3892 licet

132 3923 209 4006 alia
234 3923 499 4009 contaduum
530 3925 691 4035 pundo,
729 3922 772 4008 δι
801 3948 890 4014 tum
924 3925 1094 4014 demum
1120 3950 1194 4040 per
1226 3925 1439 4014 construet.
1467 3928 1585 4042 prob.
1607 3957 1700 4020 xrv.

134 4045 406 4160 trajecloriam
434 4045 674 4136 describere.
728 4051 784 4167 Q
797 4051 849 4138 E.
864 4053 914 4140 F.

800 4269 1035 4378 scholium.

189 4434 463 4533 Problemata,
495 4436 567 4522 ubi
601 4435 749 4525 dantur
777 4438 1097 4550 trajectoriarum
1128 4441 1196 4526 uel
1224 4460 1364 4529 centra
1386 4445 1451 4529 vel
1473 4443 1705 4558 asymptoti,

136 4558 398 4646 includuntur
436 4561 479 4646 iu
508 4559 848 4675 praecedentibus.
905 4563 1012 4649 Nam
1041 4563 1145 4652 datis
1172 4569 1331 4678 punctis
1369 4567 1413 4654 ἃ
1444 4573 1703 4682 tangentibus

135 4711 216 4770 una
241 4710 336 4770 cum
359 4705 519 4788 centro,
559 4688 707 4777 dantur
741 4689 815 4776 alia
844 4691 1022 4780 totidem
1052 4693 1201 4804 puncta
1230 4695 1399 4810 aliaeque
1435 4717 1645 4809 tangentes
1679 4729 1703 4790 a

136 4827 283 4899 centro
309 4837 360 4898 ex
387 4812 510 4900 altera
532 4815 616 4924 ejus
644 4835 758 4927 parte
787 4818 994 4931 aequaliter
1021 4819 1222 4906 distantes.
1279 4823 1545 4937 Asymptotos
1565 4847 1707 4917 autem

137 4964 213 5056 pto
231 4955 424 5054 tangente
447 4939 634 5032 habenda
657 4940 729 5046 est,
757 4939 902 5054 &ejus
929 4944 1125 5032 terminus
1150 4944 1308 5034 infinite
1327 4948 1475 5036 dillarrs
1503 4951 1550 5054 (st
1568 4952 1624 5038 ita
1642 4957 1705 5040 lo·

1634 5074 1709 5192 qui
