4352 5646
412 247 512 375 380
676 246 1208 347 rnrrosorrrrn
1253 241 1713 344 naronatrs

199 410 388 548 mm
412 416 555 498 teriam
582 417 761 499 vorticis.
835 415 930 503 Sine
967 421 1036 501 tali
1063 418 1267 528 principio
1292 412 1450 500 necesse
1488 413 1610 498 estut
1638 411 1781 520 globus
1808 409 1851 494 or
1888 437 1987 496 vor·
2128 457 2129 536 p

299 523 336 546 ”⁵
367 531 377 544 ”
413 539 501 622 ticis
524 561 655 648 partes
675 541 902 637 interiores,
930 563 1199 653 propagantes
1219 542 1377 648 semper
1403 559 1563 622 motum
1587 536 1701 618 suurn
1730 536 1772 619 in
1802 537 1990 619 exterio-

410 685 488 756 res,
517 687 651 772 neque
670 689 823 746 novum
851 665 1030 777 aliquem
1063 685 1223 748 motum
1245 661 1500 772 recipientes,
1534 657 1761 742 tardescant
1789 659 1991 769 paulatim
2128 647 2129 714 l

416 783 456 866 dt
477 785 517 867 in
539 789 681 869 orbem
701 789 764 894 agi
784 788 975 873 desinant.

473 909 596 989 Corol.
620 937 653 1011 5.
682 911 722 993 Si
750 910 892 1019 globus
920 915 1018 997 alter
1050 915 1144 998 lruic
1178 912 1327 996 vortici
1356 910 1407 993 ad
1433 928 1587 992 certam
1614 905 1664 988 ab
1690 904 1807 1015 ipsrus
1836 925 1995 988 centro

419 1031 642 1117 dillantiam
679 1037 891 1131 innataret,
928 1036 968 1118 dr
997 1040 1152 1121 interea
1181 1038 1291 1119 circa
1326 1059 1447 1117 axem
1472 1029 1734 1116 inclinatione
1768 1030 1911 1113 datum
1942 1027 1995 1108 vi

419 1159 549 1268 aliqua
586 1159 813 1243 conllanter
848 1163 1154 1256 revolveretur;
1191 1158 1308 1266 hujus
1344 1175 1461 1240 motu
1498 1172 1709 1263 raperetur
1735 1149 1915 1236 fluidum
1942 1153 1991 1236 in·

419 1291 645 1370 vorticem:
687 1283 730 1367 dr
753 1287 889 1395 primo
918 1289 1197 1372 revolveretur
1225 1285 1292 1368 hic
1313 1302 1462 1366 vortex
1480 1304 1609 1366 novus
1647 1275 1880 1387 &exiguus
1908 1305 1994 1361 una

420 1432 515 1490 eum
537 1409 661 1516 globo
689 1411 796 1493 circa
828 1430 1015 1494 centrum
1041 1411 1218 1507 alterius,
1255 1409 1301 1493 &
1324 1409 1478 1490 interea
1510 1403 1626 1488 latius
1658 1402 1836 1512 serperet
1865 1403 1991 1512 ipsrus

416 1555 565 1630 motus,
601 1533 643 1616 dc
672 1534 864 1643 paulatim
897 1553 1189 1645 propagaretur
1216 1533 1257 1616 in
1284 1531 1503 1627 inlinitum,
1540 1528 1788 1614 admodum
1815 1529 1989 1614 vorticis

412 1657 545 1763 primi.
602 1655 657 1742 Et
685 1658 827 1742 eadem
842 1661 1012 1757 ratione,
1031 1685 1112 1771 qua-
1138 1655 1254 1765 hujus
1278 1656 1420 1764 globus
1447 1671 1656 1763 raperetur
1680 1673 1796 1735 motu
1817 1653 1991 1736 vorticis

412 1766 589 1865 alterius,
617 1786 826 1876 raperetur
852 1770 975 1851 etiarn
994 1768 1139 1876 globus
1158 1767 1321 1850 alterius
1333 1781 1452 1848 motu
1473 1760 1606 1868 hujus,
1636 1761 1688 1843 l'rc
1710 1781 1753 1843 ut
1769 1762 1882 1868 globi
1900 1762 1991 1845 duo

413 1887 520 1969 eirca
542 1889 835 1973 intermedium
857 1891 1021 2002 aliquod
1045 1888 1242 2000 pundum
1264 1887 1590 1984 revolverentur,
1619 1882 1744 1996 seque
1766 1903 1912 1968 mutuo
1936 1883 1990 1966 ob

412 2029 574 2094 motum
604 2012 716 2095 illum
750 2013 989 2096 circularem
1019 2012 1226 2122 fugerent,
1262 2012 1332 2096 nil'r
1368 2036 1440 2121 per
1474 2009 1557 2092 vim
1590 2008 1765 2118 aliquam
1804 2008 1988 2092 cohibiti.

413 2130 556 2216 Postea
581 2133 608 2216 fi
628 2136 732 2218 vires
752 2135 981 2220 constanter
999 2133 1214 2248 imprellae,
1240 2135 1388 2246 quibus
1407 2133 1523 2242 globi
1540 2133 1581 2216 in
1602 2131 1783 2214 motibus
1802 2131 1877 2214 suis
1896 2156 1987 2241 per·

411 2253 609 2356 severant,
634 2258 844 2359 cessarent,
872 2259 915 2342 δε
935 2266 1071 2346 omnia
1090 2259 1247 2369 legibus
1266 2259 1513 2343 mechanici-s
1537 2255 1888 2366 permitterentur,
1906 2257 1986 2338 lan·

412 2379 623 2486 guesceret
642 2383 833 2492 paulatim
862 2406 997 2469 motus
1023 2386 1241 2492 globorum
1272 2385 1346 2490 (ob
1380 2383 1582 2469 rationem
1610 2382 1653 2464 in
1677 2382 1803 2464 corol.
1828 2407 1864 2478 3.
1887 2377 1933 2460 δι
1951 2408 1989 2484 4,

414 2500 727 2614 assignatam&
748 2507 925 2590 vortices
947 2507 1113 2591 tandem
1133 2506 1483 2619 conquiescerent.

470 2626 596 2712 Coros.
619 2638 654 2711 6.
684 2629 723 2714 Si
744 2627 856 2739 globi
880 2633 1014 2743 plures
1036 2631 1138 2715 datis
1156 2633 1199 2716 in
1222 2631 1321 2716 locis
1346 2633 1513 2716 circum.
1527 2654 1622 2717 artes
1651 2626 1844 2738 positione
1863 2624 1985 2709 datos

415 2749 538 2834 oert'is
569 2779 673 2836 cum·
700 2757 980 2840 velocitatibus
1006 2757 1236 2840 constanter
1264 2759 1591 2852 revolverentur,
1627 2754 1773 2840 tierent
1808 2750 1988 2836 vortices

415 2873 593 2956 totidem
612 2875 655 2958 in
682 2874 887 2960 inlinitum
912 2897 1140 2986 pergentes.
1195 2877 1299 2962 Nam
1326 2879 1437 2987 globi
1472 2876 1611 2985 singuli
1641 2873 1984 2970 eademratione,

415 3020 495 3106 qua
522 3021 624 3080 unus
648 2997 789 3111 aliquis
820 3020 981 3085 motum
1006 3001 1122 3085 suum
1156 3005 1419 3113 propagatio
1446 3003 1663 3099 inlinitum,
1703 2999 1985 3111 propagabant

416 3120 539 3205 etiam
570 3140 705 3207 motus
725 3123 821 3222 ‚suos
847 3123 890 3210 in
920 3125 1140 3223 infinitum,
1166 3126 1273 3212 adeo
1301 3145 1346 3210 ut
1369 3125 1488 3211 fluidi
1515 3126 1661 3213 infiniti
1687 3151 1779 3236 pars
1803 3150 1983 3235 unaquae·

416 3269 498 3356 que
525 3273 577 3331 eo
592 3247 767 3356 agitetur
790 3268 909 3335 motu
935 3251 1007 3362 qui
1031 3277 1084 3334 ex
1111 3252 1296 3336 omnium
1325 3250 1545 3358 globorum
1565 3245 1792 3336 astionibus
1814 3247 1987 3332 resultat.

416 3366 540 3454 Unde
559 3373 741 3456 vortices·
762 3398 847 3458 non
867 3372 1115 3458 definientur
1135 3378 1257 3460 certis
1278 3370 1485 3477 limitibus,
1513 3377 1583 3463 sed
1606 3378 1649 3462 io
1664 3374 1705 3460 se
1733 3394 1882 3474 mutuo
1893 3397 1985 3483 pau·

417 3493 529 3578 latim
548 3518 796 3596 excurrenta
840 3499 1035 3610 globique
1060 3525 1134 3611 per
1158 3497 1335 3587 astiones
1352 3504 1628 3588 vorticumin
1649 3501 1702 3585 se·
1718 3519 1868 3584 mutuo
1895 3523 1990 3606 per„

416 3642 546 3730 petuo
567 3623 842 3705 movebuntur
867 3621 921 3707 de
947 3625 1048 3707 locis
1076 3627 1169 3723 suis,
1196 3629 1257 3710 uti
1279 3629 1333 3712 in.
1352 3630 1584 3714 corollario.
1599 3627 1806 3738 superiore
1830 3620 1983 3731 exposa

418 3763 508 3825 turn
528 3739 610 3835 esta
641 3766 776 3851 neque
793 3761 948 3827 certam
965 3747 1149 3856 quamvis
1174 3749 1281 3832 inter
1307 3749 1347 3833 se
1376 3749 1620 3861 positionem
1651 3747 1874 3839 servabunt,
1908 3741 1984 3825 nisr

416 3889 491 3977 per
522 3863 606 3948 vim
634 3863 807 3974 aliquam
849 3867 1011 3950 retenti.
1077 3865 1332 3956 Cessantibus
1368 3890 1505 3958 autem
1535 3871 1688 3959 viribus
1719 3868 1791 3952 illis
1819 3890 1920 3977 quae.
1941 3865 1988 3951 in

417 3991 567 4099 globos
589 3987 818 4073 conllanter
843 3985 1042 4100 imprelsae
1067 3991 1308 4078 conservant
1336 3994 1458 4082 hosce
1490 3991 1837 4094 motus‚·materia
1855 3988 1912 4072 ob
1929 4015 1988 4072 ra·

417 4115 646 4200 tionemin-
659 4111 1022 4201 corollarioter'tio
1047 4115 1255 4230 &quarto
1275 4118 1525 4229 albgnatarn,
1547 4119 1739 4234 paulatim
1760 4111 1986 4226 requiescet

419 4237 524 4322 dein
543 4237 720 4322 vortices
748 4235 811 4345 agi
830 4236 992 4322 desinet.

428 4407 433 4418 ·
477 4363 601 4448 Coros.
617 4361 722 4462 7.-.Si
748 4359 923 4459 fluidum
949 4364 1119 4452 srmilare
1142 4366 1352 4452 claudatur
1378 4372 1423 4455 in
1453 4367 1543 4454 vase
1567 4366 1781 4479 lphaerico,
1809 4386 1853 4448 ac
1871 4354 1982 4467 globi

421 4490 463 4573 in
482 4505 629 4600 centro
643 4484 891 4574 consrstentis
910 4487 1105 4575 uniformi
1129 4493 1334 4579 rotatione
1359 4514 1500 4604 agatur
1525 4495 1569 4579 in
1596 4492 1816 4588 vorticem,
1846 4483 1988 4597 globus

420 4631 559 4698 autern
585 4611 629 4696 dr
660 4637 734 4694 vas·
752 4613 794 4696 in
815 4613 1181 4729 ·eandem·partem
1213 4617 1322 4702 circa
1349 4647 1468 4705 axem
1502 4616 1680 4705 eundem
1702 4614 1987 4714 revolvantur,

421 4739 579 4852 lantque
610 4762 757 4854 eorum
787 4759 975 4852 tempora
1005 4741 1216 4855 periodica
1246 4764 1292 4826 ut
1327 4746 1521 4857 quadrata
1560 4729 1982 4844 semidiametrorurn:

422 4883 557 4979 partes
575 4862 693 4952 fluidi
712 4887 802 4954 non
833 4863 944 4982 prius
965 4863 1280 4982 perseverabunt
1306 4875 1350 4956 io
1369 4867 1548 4956 motibus
1570 4864 1647 4990 suis
1672 4863 1756 4952 fine
1785 4861 1979 4947 accelera·

1871 5004 1986 5072 none.
