4312 5652
388 173 1442 354 rurucrrrnsrnrussrarrcn.
1605 220 1699 384 trs

101 433 336 522 servantes
367 429 568 516 rationem
601 427 654 514 ad
689 425 868 512 invicem
897 425 1012 515 srmul
1044 427 1296 525 evanescent,
1333 429 1378 514 id
1412 429 1481 528 cll,
1522 455 1702 541 corpora
1761 439 1887 500 uun

103 559 218 644 duo
248 555 463 641 oscillantia
494 555 608 640 simul
636 553 876 664 pervenient
901 553 952 639 ad
980 555 1318 666 perpendiculum
1343 556 1392 642 A
1403 555 1454 638 R.
1511 553 1705 666 Cumque
1741 520 1761 580 Ρ
1769 539 1905 580 ‘‘‘‘‘‘

105 679 307 766 vicifflm
337 677 517 762 ascensus
546 673 937 790 perpendiculorum
967 677 1020 762 de
1051 681 1145 761 loco
1182 677 1324 762 infimo
1349 681 1403 774 R,
1440 703 1514 790 per
1541 679 1709 763 eosdem

105 832 251 890 arcus
280 804 524 914 cycloidales
554 823 673 888 motu
700 799 945 909 retrogrado
972 799 1081 899 facti,
1108 804 1366 888 retardentur
1387 805 1430 888 in
1457 802 1558 886 locis
1580 803 1709 908 singu.

105 935 167 1018 lis
201 961 232 1020 a
262 931 416 1018 viribus
441 928 628 1014 iisdema
654 929 800 1041 quibus
831 925 1043 1014 descensus
1075 932 1416 1026 accelerabamus,
1453 947 1565 1040 patet
1596 930 1710 1011 velo-

110 1055 285 1140 citates
301 1051 536 1138 ascensuum
562 1077 609 1135 ac
637 1049 901 1136 descensuum
924 1075 997 1162 per
1024 1052 1192 1136 eosdem
1219 1080 1336 1138 arcus
1360 1051 1557 1136 saslorum
1579 1076 1711 1162 aequas

110 1183 189 1266 les
211 1175 310 1274 esse,
338 1195 462 1288 atque
492 1173 590 1260 idco
614 1174 865 1285 temporibus
894 1175 1112 1288 aequalibus
1137 1177 1256 1274 fieri;
1284 1173 1326 1258 ὅτ
1352 1199 1587 1286 propterea,
1614 1199 1711 1258 cum

113 1300 339 1415 cycloidis
365 1321 500 1409 partes
524 1299 618 1384 duae
645 1297 728 1384 RS
742 1296 785 1382 cst
801 1299 843 1382 R
849 1299 961 1414 §aad
989 1321 1212 1414 utrumque
1225 1300 1508 1411 perpendiculi
1529 1301 1632 1384 larus
1654 1299 1711 1408 ja.

115 1443 281 1508 centes
299 1421 373 1508 srnt
394 1420 538 1506 ssmiles
556 1419 600 1504 &
618 1422 804 1534 aequales,
832 1421 1008 1531 pendula
1034 1423 1120 1508 duo
1143 1424 1410 1508 oscillationes
1434 1423 1519 1506 suas
1545 1442 1628 1504 tam
1648 1439 1711 1503 to·

118 1565 195 1630 tas
217 1571 343 1658 quam
366 1544 554 1630 dimidias
580 1543 723 1630 iisdem
743 1548 997 1657 temporibus
1016 1549 1174 1661 semper
1193 1565 1401 1661 peragent.
1457 1545 1577 1664 μ’.
1597 1547 1661 1630 D.

189 1667 325 1756 Coros.
352 1666 428 1755 Vis
441 1694 523 1782 qua
540 1693 689 1781 corpus
707 1667 798 1756 Tin
816 1670 913 1757 loco
939 1673 1085 1786 quovis
1111 1673 1153 1756 T
1168 1672 1416 1758 acceleratur
1438 1673 1503 1757 vel
1531 1669 1711 1755 retarda-

121 1812 204 1880 tur
233 1795 277 1880 in
296 1792 496 1904 cycloide‚
523 1794 581 1884 est
600 1795 651 1880 ad
671 1812 807 1882 totum
824 1798 1012 1912 corporis
1033 1796 1216 1908 ejusdem
1237 1799 1399 1909 pondus
1424 1798 1467 1884 in
1488 1797 1584 1881 loco
1608 1791 1711 1880 altis·

119 1919 243 2005 samo
265 1918 382 2005 Svel
404 1917 465 2035 92,
502 1939 551 2006 ut
577 1918 775 2031 cycloidis
802 1945 920 2010 arcus
941 1921 1037 2010 TR
1061 1921 1115 2010 ad
1153 1922 1334 2034 ejusdem
1362 1949 1502 2010 arcum
1530 1920 1563 2005 S
1577 1922 1618 2006 R
1643 1911 1717 2004 vel.

124 2044 254 2164 Qu.

241 2258 712 2359 PROPOSITIO
746 2261 846 2358 Lll.
929 2263 1339 2360 PuouLEMA
1386 2258 1617 2359 XXXIV.

132 2433 359 2570 Drpsnire
389 2437 451 2546 &
477 2439 724 2544 velocitates
746 2437 1044 2582 pendulorum
1075 2445 1123 2544 in
1156 2441 1255 2543 locis
1267 2439 1468 2578 stragulis,
1508 2441 1569 2548 ses
1600 2467 1724 2540 tem·

204 2617 329 2732 pora
353 2589 506 2730 quibus
526 2619 623 2695 tum
644 2593 927 2724 oscillationes
947 2623 1062 2725 totae,
1092 2623 1187 2698 tum
1225 2593 1382 2730 mgulae
1400 2587 1725 2720 oscillationum

208 2771 368 2882 partes
386 2774 679 2884 peraguntur.

200 2969 366 3064 centro
382 2978 529 3096 quovis
556 2981 621 3086 0,,
636 2978 850 3116 intervallo
876 2981 981 3073 GH
1000 2979 1200 3095 cycloidis
1228 3003 1369 3070 arcum
1399 2977 1490 3070 RS
1514 2995 1730 3094 equante„

159 4837 346 4930 describe
367 4837 672 4933 semicirculum
702 4839 758 4928 H
766 4841 815 4930 K
823 4839 888 4929 M
896 4837 1323 4932 nmuiametroutr
1347 4833 1561 4925 bileclum‘
1611 4829 1739 4920 usn*

160 4967 221 5062 tis
237 4963 481 5109 ceutripeta,
513 4965 709 5062 munais
728 4967 919 5060 locutum
939 4991 965 5056 a
988 4987 1134 5061 centro
1158 4959 1489 5085 proportionalis,
1513 4953 1744 5174 tm
