4344 5648
205 409 402 500 DuMoru

205 494 383 556 bontoxun

416 279 515 376 330
680 243 1213 342 PHILOSOPHIAE
1249 237 1714 344 NATURALIS

413 439 496 527 que
524 441 625 528 aqua
653 416 717 500 illa
744 413 911 502 effluens
940 413 1201 498 velocitatem
1229 412 1352 497 habet
1388 409 1580 496 deorsum
1603 413 1644 496 in
1673 409 1759 525 ipso
1781 411 1980 500 foramine
2145 381 2146 442 ³

415 568 536 654 quam
560 569 683 652 grave
711 541 898 626 cadendo
925 537 967 622 dc
986 538 1077 622 casu
1097 539 1168 622 luo
1191 535 1463 622 describendo
1483 535 1697 622 dimidiam
1724 536 1978 624 altitudinem

411 691 528 780 aquae
557 670 598 752 in
631 668 720 751 vase
744 668 957 776 stagnantis
988 665 1199 776 acquirere
1228 661 1361 774 potest
1387 665 1710 775 quamproxime.
1767 662 1850 747 Sed
1877 665 1980 775 poll·

411 819 534 906 quam
554 794 681 878 exivit
708 819 759 875 ex
787 790 889 888 vase,
917 791 1166 874 acceleratur
1192 787 1487 894 convergendo
1515 785 1652 873 donec
1679 788 1729 873 ad
1754 788 1977 874 distantiam

413 921 662 1012 aforamine
687 916 892 1002 diametro
923 913 1131 998 foraminis
1163 937 1291 1026 prope
1324 911 1520 1026 aequalem
1560 915 1807 1023 pervenerit,-
1843 912 1887 998 &
1913 941 1981 998 ve·

412 1045 621 1128 locitatem
650 1041 905 1154 acquistverit
938 1037 1135 1146 majorem
1172 1038 1214 1121 in
1254 1035 1411 1119 tatione
1439 1034 1717 1146 subduplicata
1746 1035 1891 1122 binarii
1931 1035 1980 1120 ad

412 1171 611 1255 unitatem
630 1168 824 1260 circiter;
853 1189 976 1275 quam
1004 1164 1146 1274 utique
1165 1187 1287 1270 grave
1313 1158 1519 1258 cadendo,
1556 1162 1599 1245 dr
1624 1161 1715 1245 casu
1743 1165 1815 1246 luo
1836 1159 1980 1247 descri-

414 1294 552 1380 bendo
580 1313 710 1378 totam
741 1289 998 1375 altitudinem
1026 1312 1143 1403 aquae
1170 1288 1212 1371 in
1239 1284 1329 1371 vase
1354 1282 1582 1396 stagnantis,
1616 1289 1828 1399 acquirere
1851 1287 1982 1399 potest

413 1418 737 1534 quamproxime.
1663 1509 1665 1514 Ι

468 1544 512 1630 ln
533 1541 791 1657 sequentibus
815 1539 940 1648 igitur
971 1535 1171 1621 diameter
1191 1557 1308 1621 trenae
1329 1533 1562 1642 defignetur
1588 1527 1661 1645 per
1681 1533 1865 1621 foramen
1883 1534 1980 1619 illud

414 1668 546 1755 minus
578 1666 694 1780 quod
727 1665 961 1748 vocavimus
989 1655 1081 1742 EF.
1149 1654 1205 1743 Et
1235 1657 1356 1769 plano
1393 1656 1603 1743 foraminis
1634 1656 1720 1740 EF
1752 1658 1982 1768 parallelum

415 1792 512 1877 duci
543 1793 789 1901 intelligatur
818 1787 981 1897 planum
1002 1782 1111 1867 aliud
1133 1781 1312 1892 superius
1330 1779 1430 1868 VW
1456 1782 1506 1865 ad
1534 1779 1760 1867 distantiam
1781 1783 1981 1868 diametro

413 1911 623 2007 foraminis
663 1912 861 2025 aequalem
908 1904 1160 1993 circiter·&
1197 1905 1399 1992 foramine
1442 1906 1595 2015 majore
1636 1903 1720 1991 ST
1746 1909 1951 2020 pertusum
1967 1949 1990 2012 t.

415 2065 489 2152 pet
508 2037 623 2154 quod
644 2037 787 2149 utique
813 2059 915 2118 vena
947 2031 1080 2128 cadat,
1118 2053 1210 2144 quae
1246 2029 1456 2144 adequate
1483 2029 1648 2143 impleat
1674 2029 1859 2118 foramen
1885 2033 1949 2119 ins
1970 2082 1983 2102 ·

416 2165 499 2249 rius
522 2162 617 2262 EF,
643 2183 766 2274 atque
784 2158 883 2243 ideo
906 2155 1017 2265 cujus
1040 2153 1240 2239 diameter
1254 2153 1301 2237 ftt
1322 2154 1374 2239 ad
1392 2152 1869 2241 diametrum-foraminis
1886 2159 1981 2244 infe'·

416 2287 537 2376 rioris
566 2308 611 2369 ut
641 2316 692 2389 25
718 2283 768 2368 ad
803 2312 848 2363 ar
881 2280 1057 2364 circiter.
1123 2275 1190 2360 Sic
1225 2279 1336 2362 enim
1371 2303 1473 2365 vena
1500 2302 1573 2387 per
1599 2276 1784 2370 foramen
1818 2275 1989 2369 inferius.

417 2408 811 2523 perpendiculariter
835 2401 1015 2488 transibit
1040 2437 1052 2498 t
1084 2399 1128 2482 dt
1160 2403 1360 2514 quantitas
1389 2425 1502 2513 aquae
1531 2398 1747 2501 effluentis,
1775 2429 1850 2514 pro
1880 2434 1984 2521 mag:

418 2534 607 2622 nitudine
633 2531 842 2615 foraminis
867 2525 997 2635 hujus,
1026 2550 1075 2607 ea
1093 2525 1172 2607 erit
1200 2549 1321 2634 quam
1350 2524 1497 2609 solutio
1525 2523 1786 2635 problematis
1810 2530 1983 2639 pullulat

416 2657 741 2774 quamproxime.
796 2653 979 2764 Spatium
1001 2675 1116 2746 vero,
1142 2647 1260 2761 quod
1284 2648 1409 2759 planis
1428 2647 1588 2732 duobus
1617 2648 1666 2751 dc¹
1688 2679 1786 2736 vena
1808 2652 1997 2741 cadente·

417 2783 636 2878 clauditur,
663 2807 740 2890 pro
761 2777 898 2861 fundo.
914 2772 1009 2858 vafss
1030 2772 1170 2855 habeti
1191 2772 1334 2891 potell.
1390 2770 1471 2855 Sed
1492 2791 1538 2855 ut
1556 2772 1705 2859 solutio
1726 2776 1986 2889 problematis

416 2900 703 3017 srmpliciorstt
724 2898 768 2983 dc
787 2896 912 3007 magis
939 2894 1238 2989 mathematica,
1267 2893 1426 3006 praellat
1453 2893 1648 2982 adhibere
1671 2901 1838 3010 planum
1858 2897 1999 2989 solum

414 3027 583 3119 inferius
613 3019 848 3135 profundo
878 3018 989 3116 valis,
1017 3019 1060 3102 ἃ
1091 3019 1245 3127 lingere
1273 3020 1388 3132 quod

415 3181 519 3268 aqua
537 3174 630 3265 quae
648 3173 721 3260 per
747 3145 925 3256 glaciem
946 3169 1024 3228 ceu
1050 3168 1123 3253 per
1147 3143 1379 3230 infundibu·
1453 3142 1485 3209 Κ
1648 3221 1677 3234 ..,

415 3282 500 3371 lum
521 3272 744 3368 defluebat,
771 3268 816 3357 dt
835 3297 859 3356 e
887 3270 975 3356 vase
999 3296 1074 3383 per
1095 3270 1281 3359 foramen
1299 3274 1387 3358 EF
1412 3264 1454 3335 Α

415 3405 458 3491 in
479 3394 806 3516 planoinseriore
824 3396 972 3482 faflum
988 3398 1284 3511 egrediebatur,
1297 3427 1383 3487 mo·

417 3528 634 3617 tumsuum
662 3543 861 3638 perpetuo
876 3519 1021 3619 servet,
1047 3519 1092 3607 dc
1110 3524 1257 3632 glacies
1269 3527 1381 3638 quie-

416 3675 501 3737 tem
530 3647 651 3732 fuam.
710 3644 762 3732 In,
788 3643 1045 3759 sequentibus
1079 3645 1203 3754 igitur
1230 3646 1281 3731 fit
1306 3647 1390 3734 ST

417 3774 617 3863 diameter
636 3765 845 3852 foraminis
868 3766 1073 3851 circularis
1091 3788 1237 3854 centro
1255 3771 1303 3856 Z
1311 3775 1386 3858 de-

416 3894 563 4008 scripti
582 3918 654 4005 per
683 3889 798 4004 quod
826 3887 1020 3976 catarasia
1051 3888 1180 3978 effluit
1208 3921 1268 3980 ex
1293 3893 1387 3988 vase.

399 4022 485 4112 -ubl
500 4047 602 4134 aqua
621 4035 716 4104 tota.
727 4014 872 4102 invase
891 4012 1019 4102 fluida
1037 4014 1106 4101 est.
1162 4014 1218 4105 Et
1240 4019 1284 4106 stt
1300 4021 1389 4111 EF
1419 4069 1448 4142 ρ

416 4147 614 4237 diameter
634 4139 840 4228 foraminis
866 4164 938 4249 per
957 4139 1072 4252 quod
1099 4144 1304 4231 catarafla-
1319 4176 1385 4236 ca·

418 4269 558 4355 dendo
585 4265 796 4380 adaequate
820 4262 970 4361 transit,
998 4261 1077 4348 srve
1097 4290 1340 4383 aquaexeat
1368 4303 1423 4368 ex
1450 4279 1544 4368 vase.
1565 4285 1644 4396 per
1670 4279 1857 4370 foramen
1884 4283 1990 4369 illud?

418 4389 603 4507 superius,
619 4389 649 4470 S
657 4389 709 4486 T„
731 4385 810 4470 five
833 4384 950 4469 cadat
970 4409 1044 4495 per
1074 4389 1256 4476 medium
1275 4393 1419 4502 glaciei
1442 4403 1593 4490 invase
1621 4423 1815 4519 tanquam
1835 4407 1983 4519 perin-

418 4511 703 4611 fundibulum..
747 4506 801 4596 Et
824 4510 871 4597 sit
897 4511 1102 4600 diameter.
1116 4514 1323 4606 foraminis
1339 4523 1553 4636 superioris
1570 4528 1650 4614 st
1666 4530 1719 4616 ad
1739 4530 1985 4618 diametrum
2145 4517 2146 4560 ³

418 4627 623 4725 inferioris
653 4636 748 4722 EF
769 4658 815 4722 ut
839 4666 895 4744 25„⁴
913 4636 963 4723 ad
990 4666 1037 4723 ar
1064 4640 1241 4741 circiter,
1279 4645 1323 4734 &
1345 4649 1904 4768 distantiaperpendicularis'
1927 4658 1985 4743 in-

419 4784 483 4851 ter
515 4764 631 4874 plana
662 4761 908 4851 foraminum
940 4764 1102 4876 aequalis
1131 4765 1178 4850 stt
1205 4766 1655 4870 diametro-foraminis-
1680 4783 1850 4869 minoris
1884 4783 1929 4865 E
1936 4781 1987 4879 Ε

418 4880 474 5000 Et
505 4886 699 4977 velocitas
721 4911 836 5001 aquae
866 4887 999 4976 evase
1026 4913 1099 5001 per
1129 4890 1316 4983 foramen
1343 4897 1425 4987 ST
1440 4905 1626 4995 exeuntis
1652 4908 1807 4995 caperit·
1830 4906 1873 4994 in
1899 4907 1989 5020 ipso

1785 5028 1985 5117 surannae
