4312 5652
225 456 282 520 Da
304 461 394 524 Μοτ

225 541 312 605 Coun
273 561 419 606 ιιιοιυι

435 291 535 418 246
699 291 1239 392 curiosorum
1274 287 1739 393 urrunnun

375 462 515 547 Tucati
549 487 623 574 pes
653 489 872 550 numerum
899 460 1248 548 intervallorum
1237 479 1344 548 tnter
1376 459 1481 574 ipsos
1516 457 1560 545 &
1593 461 1816 548 terminum
1851 459 2015 548 datum

434 585 567 674 Sunto
586 593 641 688 A,
661 588 708 688 B,
725 589 779 688 C,
792 589 849 689 D,
867 587 917 682 E,
946 584 978 672 F
996 611 1193 674 continue
1220 587 1575 698 proportionales,
1608 585 1650 670 de
1674 586 1700 671 fi
1727 589 1849 672 detur
1869 587 2015 672 termi-

432 712 579 811 nusC,
619 736 829 800 momenta
855 715 1109 827 reliquorum
1136 713 1407 799 terminorum
1434 733 1555 799 erunt
1580 713 1689 800 inter
1714 715 1754 800 se
1787 735 1910 798 ut-
1930 745 1955 795 2
1971 715 2014 800 A

435 837 552 936 -Β,
567 839 625 941 D,
642 838 727 938 2E,
750 837 825 941 3F.

490 967 610 1051 Corol
636 998 671 1050 2.
711 963 767 1052 Et
800 965 829 1050 st
859 967 901 1050 in
930 984 1107 1078 quatuor
1136 963 1509 1077 proportionalibus
1543 963 1637 1049 duae
1666 965 1815 1050 mediae
1843 964 2015 1053 dentur,

432 1114 642 1178 momenta
663 1113 940 1178 extremarum
972 1111 1093 1174 erunt
1117 1109 1163 1174 ut
1184 1091 1344 1175 eaedem
1374 1113 1582 1173 extremm.
1641 1087 1756 1176 Idem
1782 1092 2015 1204 intelligen-

433 1217 532 1304 dum
554 1219 611 1302 est
630 1218 684 1304 de
712 1215 902 1302 lateribus
922 1210 1143 1324 redanguii
1158 1211 1448 1327 cujuscunque
1478 1213 1577 1299 dati.

490 1344 633 1430 Corol'
641 1373 675 1444 3.
703 1339 805 1428 Etsi
832 1342 987 1428 summa
1012 1342 1077 1425 vel
1100 1337 1332 1426 differentia
1359 1345 1534 1427 duorum
1559 1339 1855 1455 quadratorum
1873 1345 2014 1442 detur,

432 1491 644 1558 momenta
660 1470 834 1558 laterum
852 1488 973 1555 erunt
993 1467 1208 1580 reciproce
1225 1485 1272 1552 ut
1298 1467 1434 1553 latera.

1104 1735 1339 1842 Scholiunr.

489 1923 534 2012 In
555 1923 721 2038 epistola
746 1917 923 2036 quadam
942 1917 994 2004 ad
1012 1917 1067 2004 D.
1087 1916 1135 2027 J.
1156 1917 1371 2004 Collinium
1398 1919 1620 2007 nostratem
1647 1943 1696 2001 ιο
1709 1916 1884 2008 Decem.
1909 1931 2012 2028 1672

434 2048 544 2150 data,
579 2073 676 2134 cum
712 2041 1001 2158 descripsissem
1045 2042 1290 2130 methodum
1325 2046 1580 2158 tangentium
1615 2069 1738 2158 quam
1785 2046 2014 2159 suspicabar

434 2175 611 2264 eandem
635 2169 716 2259 esse
735 2198 832 2258 cum
857 2167 1057 2256 methodo
1080 2167 1199 2276 Stuſst
1227 2190 1315 2258 tum
1348 2171 1535 2258 nondum
1559 2169 1886 2272 communicator
1921 2176 2013 2262 sub·

430 2301 571 2415 junxi:
602 2299 689 2384 Hoc
711 2298 762 2413 est
792 2325 910 2380 unum
926 2295 1182 2407 particulare
1211 2301 1286 2380 vel
1307 2303 1558 2383 corollarium
1574 2301 1717 2411 potius
1745 2297 1919 2383 methodi
1939 2333 2012 2418 gc·

434 2429 600 2524 roralis,
629 2453 716 2539 que
746 2421 929 2507 extendit
952 2425 1001 2530 st·
1030 2426 1138 2506 citra
1163 2427 1358 2526 molestum
1387 2427 1513 2509 ullum
1545 2426 1756 2524 calculum,
1795 2451 1872 2508 non
1902 2429 2014 2514 modo

432 2554 490 2642 ad
503 2551 719 2636 ducendum
745 2563 950 2659 tangentes
976 2545 1033 2628 ad
1056 2550 1225 2658 quasvis
1258 2577 1409 2633 curvas
1425 2551 1517 2656 stve
1537 2550 1802 2666 geometricus
1817 2549 1912 2657 five
1931 2583 2011 2640 mc·

432 2681 623 2766 charitas
659 2679 731 2760 vel
758 2669 1089 2790 quomodocunque
1115 2677 1248 2758 rectas
1281 2678 1408 2761 lineas
1429 2679 1587 2788 aliasve
1618 2705 1770 2760 curvas
1801 2683 2012 2790 respicicu-

434 2824 513 2905 tes,
541 2830 683 2888 verum
708 2804 829 2884 etiam
854 2800 911 2885 ad
930 2799 1200 2908 resolvendum
1227 2801 1315 2886 ulia
1336 2801 1566 2916 obstrufioro
1581 2803 1877 2914 problematum
1894 2801 2011 2922 gerccss

436 2960 487 3016 ra
500 2930 547 3014 de
563 2927 856 3024 curvitacibus,
874 2929 994 3025 creis,
1021 2927 1342 3039 longitudinibus,
1367 2933 1517 3014 centris
1532 2929 1767 3046 gravitatis
1792 2959 2015 3020 curvarum

436 3057 516 3148 &o
542 3083 665 3169 neque
695 3049 1283 3168 (quemadmoduntluddenii
1308 3054 1509 3140 methodus
1535 3054 1582 3140 de
1606 3060 1793 3142 maximis
1817 3055 1860 3144 Θ
1887 3061 2016 3141 mirsi-

435 3184 542 3294 mis)
570 3183 624 3265 ad
641 3181 750 3290 solos
778 3179 1036 3294 restringitur
1062 3181 1305 3292 aequatimcs
1328 3181 1426 3263 illas
1450 3209 1538 3294 quae
1566 3182 1858 3295 quantitatibus
1864 3184 2017 3291 ficrdis

426 3315 527 3423 ssent
557 3311 756 3404 immunes.
821 3307 940 3390 Hanc
970 3305 1188 3388 methodum
1218 3306 1445 3398 intertexui
1470 3312 1596 3394 alteri
1619 3310 1684 3418 isti
1713 3335 1789 3423 qua
1820 3312 2014 3422 equatio·

436 3465 528 3524 num
554 3433 727 3550 exegefin
755 3433 916 3542 instituo
942 3428 1158 3517 reducendo
1185 3461 1257 3516 eas
1294 3433 1350 3518 ad
1371 3437 1502 3543 series
1533 3433 1729 3543 infinitas.
1799 3432 2011 3522 tituenus

344 3577 349 3584 ’
436 3565 612 3676 epistola.
641 3559 696 3646 Et
717 3563 806 3644 haec
833 3561 974 3644 ultima
991 3557 1116 3644 verba
1139 3555 1388 3668 spectauere
1410 3559 1888 3674 tradatumquemanno
1914 3567 2009 3664 1671

437 3687 573 3774 dehis
599 3684 719 3769 rebus
746 3683 989 3792 scripseram.
1045 3681 1243 3768 Methodi
1270 3710 1371 3771 vero
1399 3683 1516 3796 hujus
1540 3687 1739 3800 generalis
1771 3687 2012 3777 ftmdumen·

438 3834 526 3900 tum
546 3811 783 3898 continetur
806 3807 847 3890 in
874 3807 1063 3891 lemmate
1086 3807 1362 3918 praecedente.

578 4147 1041 4248 PROPOSITIO
1078 4147 1206 4248 Vnt.
1297 4149 1729 4280 THEOREMA
1765 4151 1853 4254 Vt.

438 4331 490 4435 Si
525 4359 679 4470 corpor
709 4329 756 4428 in
800 4325 939 4427 medio
972 4323 1196 4456 uniformi,
1239 4327 1472 4463 gravitate
1510 4329 1789 4460 uniformiter
1832 4357 2005 4462 agente,

508 4482 633 4584 relic
655 4477 859 4606 ostendat
890 4479 968 4579 vel
989 4479 1233 4606 descendat,
1273 4479 1548 4622 &spatium
1572 4510 1710 4583 totum
1742 4483 2009 4620 dtescriptum

504 4637 797 4776 distinguatur
819 4635 866 4736 in
879 4663 1038 4778 partes
1061 4635 1266 4771 equales,
1303 4637 1438 4774 inque
1464 4637 1703 4782 principiis
1722 4637 2007 4775 fingularum

497 4795 706 4938 partium
748 4792 975 4924 (addendo
1018 4790 1306 4930 refislentiom
1339 4792 1474 4894 medii
1517 4795 1585 4895 ced
1620 4796 1715 4895 vim
1742 4796 2003 4930 gravitatis,

504 4951 682 5089 quando
706 4981 861 5090 corpus
892 4949 1099 5078 ascendit,
1135 4947 1212 5050 vel
1222 4945 1502 5073 'ficbduccndo
1534 4950 1680 5092 ipsam
1712 4953 1889 5090 quondo
1912 4989 2006 5052 cor-

1921 5135 2006 5246 pul
