4450 5674
432 169 1474 330 uu1·ttc·1t1nsrasttestattcn.
1723 130 1754 298 '5

614 479 1123 582 DEFINITIO
1195 477 1322 579 Vlss.

104 753 117 778 ·
188 693 246 800 V
242 697 276 796 is
318 687 565 826 centtipeta
609 684 833 822 quantitas
872 679 1032 782 matrix
1077 675 1294 814 assistas
1325 682 1544 799 mensura.
1559 703 1758 818 propor-

90 823 93 828 ’
415 825 587 928 tionalr's
614 822 763 949 motui,
803 859 934 958 quem
961 819 1063 917 dato
1092 844 1286 954 tempore
1314 841 1532 950 generat..

195 1144 197 1149 .
245 1072 510 1187 Uti‘pondus
544 1071 669 1182 majus
695 1056 736 1158 in
767 1069 919 1181 majore
947 1094 1142 1176 corpore,
1174 1065 1588 1166 minusinminorer
1637 1061 1682 1148 dt
1709 1064 1759 1159 in

191 1229 368 1316 corpore
387 1201 537 1286 eodem
556 1199 680 1302 majus
697 1226 827 1314 prope
846 1195 1010 1296 terram,
1032 1197 1162 1281 miuus
1182 1194 1224 1280 in
1247 1197 1374 1281 coesis.
1424 1191 1533 1278 Haec
1553 1197 1756 1307 quantitas

193 1330 253 1414 est
271 1326 453 1439 corporis
476 1325 599 1410 totius
618 1324 929 1437 centripetentia
946 1323 1014 1407 seu
1036 1320 1251 1432 propenso
1265 1322 1307 1405 in
1327 1339 1530 1418 centrum,
1548 1319 1759 1425 &sutita

195 1459 351 1564 dicam)
375 1453 537 1566 pondus
555 1489 566 1549 ς
597 1451 640 1534 &
667 1452 882 1538 innotescit
905 1450 1062 1560 semper
1087 1473 1159 1562 per
1179 1439 1262 1536 vim
1281 1447 1353 1561 ipsr
1373 1447 1618 1534 contrariam
1636 1447 1680 1532 a·
1700 1470 1756 1532 ae-

192 1585 369 1701 qualem,
394 1606 473 1694 qua
500 1575 710 1663 descensus
729 1577 912 1692 corporis
932 1575 1122 1688 impediri
1138 1573 1281 1689 potest.

1767 349 1987 434 Damnatus,

1767 449 1876 496 ortua.

250 1707 388 1796 Hasce
417 1707 566 1791 virium
596 1707 840 1820 quantitates
871 1704 1081 1791 brevitatis
1114 1705 1241 1813 gratia
1270 1701 1481 1788 nominare
1515 1703 1613 1789 licet
1649 1699 1782 1788 uires·

192 1833 403 1932 motrices,
432 1832 751 1931 acceleratrices,
779 1831 1036 1920 &absolutas
1056 1868 1087 1931 s·
1106 1829 1150 1914 δι
1176 1828 1436 1916 distintiionis
1453 1832 1586 1940 gratia
1605 1830 1760 1916 referta

192 1961 247 2047 ad
284 1948 685 2074 corpora.'ceutrum
710 1961 903 2071 petentia,
939 1955 990 2043 ad
1007 1981 1245 2070 'corporum
1266 1959 1370 2052 loca,
1412 1955 1457 2040 dt
1486 1957 1545 2043 ad·
1556 1977 1766 2046 centrum

193 2090 375 2174 vitium:
421 2085 614 2172 nimirum
651 2083 736 2168 vim
773 2085 990 2170 motricem
1013 2083 1084 2180 ad
1116 2109 1288 2196 corpus,
1339 2101 1531 2196 tanquam
1559 2101 1764 2172 conatum·

126 2255 129 2260 ·
193 2215 322 2299 totius
337 2211 380 2296 in
402 2229 591 2299 centrum
609 2233 661 2292 ex
678 2209 889 2296 conatibus
907 2209 1088 2295 omnium
1104 2210 1279 2320 partium
1290 2207 1570 2319 compostum
1585 2244 1598 2308 ς
1613 2208 1657 2293 &
1672 2207 1765 2294 vim

193 2335 532 2424 acceleratricem
558 2329 613 2418 ad
643 2333 799 2420 locum.
817 2335 1027 2448 corporis,
1049 2355 1256 2450 ,tanquam
1286 2331 1511 2422 efficaciam
1532 2335 1765 2449 quandam,
1790 2395 1793 2404 ·

193 2465 252 2551 de
282 2483 424 2550 centro
448 2487 523 2575 per
544 2467 635 2552 loca
669 2465 819 2576 singula
852 2461 1095 2550 incircuitu
1121 2460 1321 2565 diffusam,
1356 2464 1408 2550 ad
1439 2467 1642 2554 movenda
1669 2491 1765 2554 cor·

134 2681 148 2710 Ι
194 2617 299 2706 pora
324 2615 417 2705 quae
446 2589 487 2674 in
520 2591 611 2704 ipfis
646 2589 764 2689 suut;
800 2593 885 2678 vim
911 2610 1048 2678 autem
1077 2589 1298 2678 absolutam
1328 2589 1378 2674 ad
1412 2611 1631 2690 centrum,
1676 2609 1772 2690 tans

196 2741 324 2832 quam
354 2713 468 2800 causa
496 2717 627 2830 aliqua
657 2718 892 2830 preditum,
929 2715 1010 2803 fine
1041 2741 1121 2830 qua
1154 2715 1258 2802 vires
1283 2715 1476 2802 motrices
1502 2742 1587 2804 non
1615 2737 1764 2828 propa-

198 2840 442 2954 'ganturper
471 2842 657 2951 regiones
682 2841 956 2941 iu..circuitu;
975 2911 980 2928 .
996 2839 1218 2928 fivecausa
1243 2841 1307 2925 isla
1323 2840 1383 2925 -srt
1413 2865 1561 2954 corpus
1593 2837 1771 2955 aliquod

198 2965 379 3052 centrale
421 2968 562 3080 (quale
587 2967 645 3054 est
672 2993 837 3080 magnes
860 2968 912 3054 in
945 2988 1091 3054 centro
1116 2965 1175 3054 vis
1206 2966 1466 3078 magnetica,
1499 2968 1564 3055 ves
1585 2987 1692 3054 terra
1717 2967 1774 3058 in·

199 3115 358 3182 centro.
384 3096 443 3180 vis
470 3095 729 3210 gravitantis)
746 3095 854 3202 bsiue-
873 3095 945 3182 alia
975 3098 1106 3212 aliqua
1135 3123 1228 3210 quae
1256 3122 1340 3180 non
1366 3111 1543 3209 apparet.
1595 3093 1772 3184 Mathe-s

199 3221 376 3307 maticua
407 3222 602 3308 duntaxat
632 3225 689 3309 est
714 3225 781 3309 hic
810 3245 1064 3336 conceptus:
1104 3223 1211 3310 Nam
1228 3222 1389 3310 uitium
1416 3223 1550 3310 causas
1580 3221 1624 3308 dt
1648 3223 1770 3315 sedes

199 3349 383 3463 physicas
396 3347 478 3456 jam
499 3376 583 3434 non
601 3351 805 3462 expendo.

257 3471 329 3560 Est
348 3475 550 3584 igitut.vis
565 3475 828 3561 accesetatrix
840 3475 996 3563 advim
1012 3476 1294 3562 motricemut
1314 3475 1577 3564 celeritasad-
1589 3494 1763 3567 motum.

201 3605 491 3692 Oriturtenim
526 3602 725 3717 quantitas
758 3629 897 3692 motus·
919 3605 1209 3692 ex·ceseritate
1230 3601 1355 3693 &ex
1386 3604 1611 3717 quantitate
1637 3628 1775 3694 mate*

202 3729 296 3827 ria,
335 3727 378 3814 dt
399 3732 471 3814 xvis
507 3731 661 3816 motrix
691 3732 817 3822 cxvi
853 3733 1137 3818 aoceletatrice
1172 3729 1216 3816 ἃ
1244 3759 1298 3821 ex
1330 3735 1554 3848 quantitate
1584 3733 1768 3844 ejusdem

203 3855 387 3940 materiae.
402 3855 661 3963 conjundim.
714 3857 822 3942 Nam
841 3859 994 3944 summa
1007 3858 1213 3948 astianum
1234 3859 1295 3942 vis
1313 3858 1606 3944 acceleratricis
1622 3859 1666 3944 in
1689 3859 1779 3948 sto-2

203 3979 528 4092 gulascorporis·
557 3984 768 4092 particulas
795 3983 853 4068 est
879 3987 939 4068 vis
965 3986 1119 4070 motrix
1149 3985 1285 4071 totius.
1340 3984 1464 4072 Unde
1486 3984 1601 4093 juxta
1630 3987 1774 4101 supera

204 4104 342 4188 ficiem
374 4125 516 4203 terrae.
555 4108 627 4200 ubi
666 4109 837 4216 gravitas
871 4111 1137 4198 acceleratrix
1169 4109 1240 4197 seu
1269 4111 1329 4198 vis
1368 4114 1567 4229 gravitatis
1597 4112 1642 4202 iu
1673 4139 1775 4204 cor-²

204 4227 373 4340 potibus
411 4231 602 4316 uniuersis
635 4231 782 4316 eadem
821 4231 890 4330 est,
931 4234 1103 4344 gravitas
1137 4235 1293 4322 motrix
1328 4236 1395 4322 seu
1427 4237 1600 4348 pondus.
1626 4240 1684 4326 est
1718 4263 1778 4330 utt

206 4382 380 4468 corpus:
423 4378 464 4442 at
497 4357 524 4442 fi
558 4361 600 4446 in
629 4361 817 4471 regiones
846 4359 1083 4449 ascendatur
1111 4365 1184 4450 ubi
1221 4365 1393 4476 gravitas
1426 4367 1689 4458 acceleratrix
1719 4372 1781 4460 siu

207 4481 363 4580 minor,
410 4483 571 4596 pondus
610 4487 760 4596 paritet
793 4487 1021 4590 minuetur,
1069 4492 1228 4606 eritque
1264 4495 1422 4604 semper
1460 4512 1507 4578 ut
1543 4521 1692 4610 corpus
1723 4495 1782 4582 ὅτ,

210 4611 380 4718 gravitas
417 4613 682 4700 acceieratrix
711 4615 974 4726 conjunstim.
1030 4618 1097 4704 Sic
1135 4623 1179 4708 iu
1216 4622 1450 4732 regionibus
1487 4621 1559 4709 ubi
1595 4625 1780 4736 gravitas·

210 4733 472 4820 acceleratrix
505 4735 633 4847 duplo
668 4742 803 4826 minor
834 4741 917 4841 est,
954 4742 1114 4853 pondus
1151 4746 1337 4860 corporis
1374 4744 1502 4860 duplo
1537 4750 1612 4836 vel·
1645 4745 1785 4860 triplo,

210 4857 378 4947 minoris
403 4873 480 4948 erit
505 4865 734 4980 quadruplo
753 4869 818 4958 vet
836 4869 1021 4984 sextuplo
1040 4874 1182 4964 minus.
1216 4953 1219 4958 .

1639 4995 1774 5088 Porro
