4312 5652
370 253 1419 362 rnrucsuraurnrnnnmrtcn.
1604 263 1697 394 ιε,

12 415 13 470 ³
112 431 276 522 eadem
294 431 350 518 esl
363 431 468 516 ratio
490 430 602 542 globi
626 430 776 516 annulo
799 427 956 527 nudati,
982 431 1054 544 qui
1079 429 1121 516 in
1146 429 1383 544 regionibus
1401 431 1618 548 aequatoris
1635 436 1701 522 vel
1744 438 1885 579 Pbtm

111 564 248 646 altior
268 559 324 645 cll
344 559 462 669 paulo
489 583 610 670 quarn
627 555 743 664 juxta
761 557 891 668 polos,
918 558 984 640 vel
1004 555 1160 640 conllat
1186 585 1240 642 ex
1266 559 1433 644 materia
1459 563 1579 673 paulo
1599 559 1702 647 den·
1775 535 1908 580 ¹¹¹⁹*
2025 578 2031 587 ·

114 687 246 772 liure.
303 685 469 796 Supplet
493 685 602 768 enim
631 684 766 766 vicem
791 683 929 766 annuli
949 681 1021 766 iste
1054 685 1234 767 materiae
1259 685 1301 770 in
1329 685 1546 799 aequatoris
1567 689 1701 795 regio·

112 818 246 902 nibus
268 808 459 898 excessus.
515 807 570 893 Et
593 833 844 922 quanquam,
877 807 990 892 auda
1012 829 1223 921 utcunque
1250 810 1361 920 globi
1394 811 1511 920 hujus
1539 813 1579 896 vi
1609 807 1730 896 cen-⁷
1782 811 1789 846 '

114 942 293 1051 tripeta,
321 936 495 1021 tendere
513 934 788 1043 supponantur
807 957 949 1036 omnes
964 931 1047 1041 ejus
1066 955 1200 1044 partes
1221 934 1428 1034 deorsum,
1454 934 1507 1024 ad
1530 939 1710 1022 modum

111 1065 417 1176 gravitantium
453 1061 630 1172 partium
661 1059 830 1158 telluris,
862 1079 997 1145 tamen
1024 1061 1294 1170 phaenomena
1326 1059 1514 1172 hujus&
1548 1089 1702 1176 prece·

111 1194 265 1276 dentis
292 1188 494 1274 corollarii
526 1186 597 1269 vix
620 1185 717 1269 inde
745 1184 1038 1280 mutabunturr
1077 1183 1149 1268 nist
1176 1185 1291 1298 quod
1319 1186 1408 1270 loca
1434 1175 1730 1276 maximarum

122 1316 453 1398 &minimarum
483 1309 743 1392 altitudinum
771 1331 887 1419 aque
912 1306 1071 1392 diversa
1095 1329 1228 1394 erunt.
1283 1310 1405 1422 Aqua
1429 1311 1540 1396 enim
1556 1310 1639 1421 jam
1657 1315 1708 1400 io-

112 1444 232 1527 orbe
252 1440 323 1524 suo
343 1436 552 1520 sullinetur
577 1430 620 1514 &
639 1454 864 1542 permanet,
891 1457 976 1518 non
994 1434 1168 1544 pervim
1195 1430 1306 1516 suam
1324 1433 1609 1546 centrisugam,
1627 1436 1706 1522 sed·

112 1593 197 1678 per
222 1567 380 1648 alveum
399 1563 440 1644 in
467 1585 552 1672 quo
573 1555 677 1640 fluit.
734 1554 790 1642 Et
814 1577 1014 1669 praeterea
1042 1558 1103 1644 vis
1131 1555 1239 1642 LM
1262 1559 1383 1644 trahit
1408 1584 1557 1673 aquam
1577 1560 1699 1647 deor·

112 1696 213 1779 sum
239 1689 415 1774 maxime
440 1689 483 1772 iu
500 1683 769 1798 quadraturis,
795 1685 917 1772 &vis
942 1684 1027 1768 KL
1046 1685 1116 1772 seu
1140 1684 1195 1769 N
1200 1684 1437 1770 M-LM
1459 1687 1581 1775 trahit
1606 1715 1698 1776 eani

115 1820 225 1904 dem
244 1815 394 1901 sursum
421 1814 598 1898 maxime
624 1813 667 1896 in
694 1810 874 1922 syzygiis.
941 1809 998 1896 Et
1023 1813 1088 1896 hae
1113 1814 1219 1898 vires
1250 1811 1479 1922 coujunslae
1510 1811 1708 1902 dcsrnuut·

116 1945 290 2030 trahere
316 1967 461 2054 aquam
481 1939 672 2026 deorsum
695 1935 738 2020 dc
765 1939 967 2048 incipiunt
987 1943 1147 2024 trahere
1167 1965 1311 2053 aquam
1332 1939 1487 2025 sursum
1510 1941 1551 2024 in
1567 1941 1703 2028 ofian-

117 2073 237 2158 tibus
256 2089 349 2154 ante
369 2067 559 2178 syzygias,
586 2091 633 2148 ac
661 2065 847 2150 desinunt
874 2069 1034 2150 trahere
1060 2093 1205 2179 aquam
1234 2067 1386 2151 sursum
1416 2065 1712 2180 incipiuntque

117 2198 292 2284 trabere
308 2219 452 2306 aquam
474 2191 665 2274 deorsum
685 2191 726 2274 in
751 2193 977 2276 oslantibus
995 2193 1084 2302 poll
1101 2193 1297 2303 syzygias..
1335 2189 1391 2275 Et
1411 2193 1507 2275 inde
1523 2195 1710 2280 maxima·

117 2348 247 2439 aquae
280 2321 454 2406 altitudo
485 2317 649 2402 evenire
677 2319 809 2426 potest
825 2319 866 2403 in
890 2315 1113 2403 odantibus
1136 2318 1223 2428 poll
1243 2320 1442 2428 syzygias,
1467 2315 1510 2401 dt
1530 2319 1711 2406 minimo

118 2453 167 2537 in
199 2447 428 2532 odantibus
459 2443 548 2554 post
573 2439 836 2553 quadraturas
859 2445 1049 2542 circiter;
1078 2445 1150 2528 nisr
1175 2466 1372 2557 quatenus
1402 2463 1538 2530 motus
1565 2445 1702 2531 asceu-

121 2572 257 2658 dendi
275 2570 341 2654 vel
367 2565 642 2652 descendendi
663 2565 712 2648 ab
732 2565 793 2650 his
821 2567 973 2652 viribus
999 2565 1207 2678 impressus
1233 2569 1299 2652 vel
1326 2593 1400 2678 per
1427 2568 1512 2651 vim
1540 2567 1708 2653 inlitam

120 2725 246 2814 aquae
271 2696 393 2806 paulo
422 2693 574 2778 diutius
592 2690 837 2801 perseveret,
866 2697 931 2778 vel
956 2721 1030 2806 per
1056 2692 1350 2806 impedimenta
1375 2693 1477 2778 alvei
1504 2694 1625 2805 paulo
1643 2696 1705 2780 ci·

121 2826 211 2909 tius
229 2819 393 2904 filiatur.

186 2947 316 3032 Coros.
334 2971 397 3028 21.
424 2939 581 3028 Eadem
604 2945 776 3042 ratione,
801 2967 882 3056 qua
900 2945 1069 3030 materia
1088 2945 1205 3056 globi
1223 2942 1338 3052 juxta
1359 2951 1610 3058 aquatorem
1635 2973 1698 3034 rea

125 3076 316 3162 dundans
343 3069 473 3155 efficit
504 3089 549 3152 ut
571 3069 671 3154 nodi
703 3070 1002 3178 regrediantur,
1039 3094 1162 3187 atque
1198 3074 1293 3158 ideo
1318 3097 1392 3184 per
1422 3071 1539 3181 hujus
1568 3075 1711 3159 incre-r-

126 3222 319 3286 mentum
339 3217 514 3305 augetur
539 3193 610 3280 iste
639 3194 849 3303 regressus,
870 3223 944 3307 per
969 3198 1288 3284 diminutionem
1316 3222 1417 3280 vero
1442 3197 1709 3300 diminuitur,

126 3329 173 3412 ur
197 3353 270 3436 per
296 3323 541 3405 ablationem
569 3321 754 3413 tollitur3
782 3317 812 3401 sr
836 3326 1004 3404 materia
1027 3323 1237 3434 plusquam
1266 3321 1497 3406 redundans
1522 3325 1704 3427 tollatur,

127 3452 214 3534 hoc
242 3445 314 3544 ell,
341 3441 531 3550 srglobus
550 3439 665 3545 juxta
689 3457 939 3549 aequatorsm
967 3445 1032 3526 vel
1064 3441 1288 3555 depressior
1319 3441 1528 3541 reddatur,
1554 3450 1620 3531 vel
1637 3472 1704 3532 ra».

127 3575 218 3658 ri'or
238 3593 360 3682 quam
377 3567 490 3674 juxta
509 3565 638 3674 polos,
666 3563 830 3647 orietur·
846 3585 981 3678 motus
1000 3565 1206 3652 nodorum
1226 3568 1268 3652 in
1294 3564 1592 3680 consequentia.

187 3697 312 3782 Coros.
328 3721 393 3774 22.
433 3685 489 3772 Et
512 3689 609 3772 inde
634 3687 820 3784 vicilsrm,
857 3717 911 3774 ex
935 3713 1053 3778 motu
1074 3693 1279 3777 nodorum
1305 3694 1519 3779 innotescit
1549 3697 1704 3784 conisi·

128 3825 238 3909 tutio
257 3818 380 3928 globi.
436 3814 641 3898 Nimirum
664 3815 692 3898 sr
713 3815 856 3922 globus
884 3819 1002 3926 polos
1028 3817 1194 3904 eosdem
1220 3819 1450 3906 constanter
1474 3821 1629 3924 servat,
1651 3825 1705 3911 &⁴

128 3972 268 4038 motus
281 3948 327 4030 fit
355 3947 397 4029 in
423 3940 721 4036 antecedentia,
750 3945 917 4028 materia
939 3943 1054 4053 juxta
1073 3966 1325 4059 aequatorem
1343 3948 1576 4050 redundat,
1602 3952 1703 4039 srin·

129 4067 444 4184 consequentia,
471 4065 624 4149 deficit.
678 4065 792 4150 Pone
819 4067 989 4176 globum
1017 4070 1264 4154 uniformem
1297 4069 1341 4154 de
1371 4071 1549 4182 persesle
1577 4077 1695 4160 circis

130 4224 272 4289 natum
297 4198 340 4280 in
363 4191 495 4304 spatiis
520 4190 655 4274 liberis
687 4191 822 4301 primo
847 4192 1055 4304 quiescere
1076 4231 1087 4290 ς
1127 4195 1224 4280 dein
1256 4197 1415 4308 impetu
1443 4223 1702 4314 quocunque

132 4315 365 4438 oblique'in
391 4315 644 4428 superficiem
677 4316 786 4400 suam
812 4314 920 4400 sado
946 4319 1133 4430 propelli,
1168 4320 1212 4403 ἃ
1244 4343 1404 4407 motum
1426 4323 1523 4408 inde
1557 4331 1697 4416 conci·
1742 4388 1745 4393 ‚

131 4475 229 4562 pere
252 4446 399 4558 partim
431 4442 683 4537 circularem,
711 4441 925 4550 partimin
956 4441 1168 4528 directum.
1224 4446 1431 4557 Quoniam
1452 4449 1597 4556 globus
1623 4456 1709 4544 ille·

132 4575 183 4656 ad
207 4597 299 4656 axes
326 4591 468 4651 omnes
485 4590 559 4677 per
577 4583 764 4648 centrum
784 4565 896 4649 suum
916 4565 1163 4651 transeuntes
1188 4566 1469 4658 indifferenter
1493 4572 1534 4658 se
1560 4578 1697 4684 habet,

134 4721 268 4808 neque
293 4689 531 4802 propensior
554 4687 610 4772 ell
636 4687 676 4771 in
705 4714 831 4771 unum
852 4714 985 4806 axem,
1022 4716 1202 4775 unumve
1224 4694 1305 4778 axis
1329 4695 1459 4793 situm,
1497 4725 1618 4811 quam
1651 4707 1708 4788 in·

132 4825 254 4908 alium
281 4819 493 4931 quemvis;
522 4815 778 4928 perspicuum
805 4814 874 4910 est,
902 4815 1016 4926 quod
1042 4819 1074 4900 is
1099 4845 1215 4902 axem
1234 4819 1373 4919 suum,
1389 4825 1554 4935 axisque
1581 4827 1708 4914 incli··

133 4950 340 5036 nationem
367 4945 408 5028 vi
428 4943 589 5057 propria
615 4965 821 5053 nunquam
843 4941 1043 5025 mutabit..
1085 4940 1313 5054 Impellatur
1330 4946 1412 5055 jam
1433 4948 1577 5056 globus
1596 4933 1698 5040 obli·

1604 5099 1713 5188 que,
