4352 5646
433 268 528 392 428
699 265 1232 367 PHILOSOPHtAE
1267 259 1720 364 HaTthnLrs

223 432 269 492 Μ
288 435 365 491 Μῦ*
323 452 403 494 ⁰⁸⁰¹
431 440 569 548 polum
593 438 708 547 supra
735 439 993 524 horizontem
1013 439 1113 537 loci,
1140 436 1332 522 incidet
1322 464 1362 521 rn
1394 437 1536 521 horam
1568 435 1631 516 vel
1659 435 1811 517 sextam
1838 433 1905 517 vel
1925 433 2003 518 tri·

217 511 401 574 simum

251 5031 265 5040 ἣ
431 4881 507 4971 ut>
531 4891 711 5002 capiatur
742 4892 819 4979 SK
832 4899 993 5011 aequalls
1013 4897 1106 4999 ST,
1135 4898 1264 5012 fitque
1283 4898 1355 4982 SL
1375 4901 1435 4987 ad
1449 4900 1554 4985 SK
1542 4914 1584 4988 rn
1605 4903 1809 5017 duplicata
1833 4907 1996 5115 tatilprlp
2130 4841 2131 4910 3

429 561 616 644 celimam
635 562 684 645 ab
710 563 873 672 appulsu
891 564 997 646 lunae
1026 562 1077 645 ad
1105 562 1387 658 meridianum,
1414 581 1535 673 atque
1562 560 1655 643 luna
1679 535 2010 643 declinationem

430 706 613 770 mutante
644 683 903 772 mutabitur
892 716 935 772 m
962 686 1186 771 defluxum.
1253 688 1445 799 Quorum
1478 687 1662 768 omnium
1691 685 1966 794 exemplum
1954 709 2004 768 tn

429 831 551 917 portu
577 813 691 921 regni
719 815 919 925 Tarquini
949 812 1000 896 ad
1032 805 1224 915 Batlbam
1258 813 1330 896 sub
1357 810 1569 895 latitudine
1597 809 1749 893 boreali
1784 837 1834 890 20
1846 829 1887 890 er.
1914 807 2001 912 50'.

431 930 624 1015 Halleius
645 961 700 1019 ex
716 961 928 1020 nautarum
946 933 1292 1019 observationibus
1317 932 1522 1043 patefecit.
1577 930 1636 1017 lbi
1655 958 1756 1043 aqua
1770 931 1839 1016 die
1861 929 2003 1016 tranli-

432 1071 520 1139 tnm
545 1061 650 1143 lunae
669 1086 741 1170 per
760 1082 1011 1173 aequatorem
1034 1058 1228 1171 sequente
1249 1057 1415 1165 stagnat,
1443 1056 1539 1141 dein
1559 1058 1652 1141 luna
1671 1058 1722 1140 ad
1744 1057 1913 1142 boream
1930 1057 2003 1140 de·

433 1178 610 1264 clinante
629 1183 771 1291 incipit
791 1182 920 1266 fluere
942 1180 986 1264 &
1015 1180 1204 1277 refluere,
1232 1206 1316 1265 non
1344 1180 1421 1282 bis,
1445 1179 1555 1263 utin
1583 1179 1665 1262 aliis
1688 1178 1904 1290 portubus,
1932 1179 2010 1264 sect

434 1305 559 1389 semel.
587 1304 746 1413 lingulis
773 1307 943 1401 diebus;
981 1302 1024 1385 δι
1055 1303 1168 1388 aestus
1196 1304 1340 1388 incidit
1368 1303 1410 1386 in
1441 1303 1638 1387 occasum.
1661 1303 1781 1400 lunae,
1809 1301 2008 1387 defluxus

435 1425 633 1510 maximus
651 1427 692 1511 in
713 1450 862 1512 ortum.
918 1424 1034 1509 Cum
1055 1426 1161 1508 lunae
1186 1423 1460 1509 declinatione
1490 1445 1660 1534 augetur
1685 1424 1755 1509 hi'c
1784 1423 1924 1522 aellus„
1946 1426 2006 1509 ul-

435 1574 517 1661 que
536 1547 586 1636 ad
613 1549 724 1634 diem
745 1551 962 1662 septimum
990 1552 1054 1632 vel
1073 1549 1276 1647 octavum,
1304 1549 1399 1633 dein
1426 1573 1499 1658 per
1528 1549 1625 1632 alios
1655 1550 1810 1658 septem
1835 1548 1925 1632 dies
1943 1551 2005 1634 iisss

435 1672 534 1759 dem
555 1675 745 1783 gradibus
771 1675 982 1772 decrescin·
1008 1672 1157 1788 quibus
1183 1695 1299 1760 antea
1331 1692 1542 1770 creverat;
1570 1673 1616 1759 δι
1640 1674 1734 1756 luna
1762 1672 2006 1757 declinatio·

436 1821 531 1881 nem
555 1817 736 1884 mutante
751 1799 885 1896 cellat,
912 1825 959 1882 ac
987 1825 1085 1882 mox
1101 1819 1279 1884 mutatur
1299 1797 1344 1881 in
1360 1792 1585 1881 defluxum.
1629 1793 1775 1880 incidit
1789 1796 1900 1880 enirn
1916 1793 2011 1880 sub·-

436 1920 533 2004 inde
566 1921 752 2006 delluxus
789 1923 831 2006 in
862 1919 1050 2006 occasum
1081 1921 1185 2005 lunae
1214 1920 1257 2003 δι
1281 1918 1449 2005 affluxus
1479 1919 1530 2004 in.
1550 1938 1711 2018 ortum,
1741 1915 1878 2004 donec
1909 1919 2010 2002 luna

435 2041 586 2126 iterum
613 2063 746 2127 mutet
771 2043 1105 2129 declinationem..
1152 2042 1303 2127 Aditus
1333 2039 1520 2126 adhunc
1541 2060 1707 2152 portum
1730 2039 1917 2154 fretaque
1946 2039 2003 2122 vi-

438 2166 529 2249 cina
546 2165 698 2276 duplex
712 2187 837 2276 patet,
863 2168 962 2251 alter
976 2167 1026 2249 ab
1041 2191 1197 2250 oceano
1220 2161 1380 2271 Sinenfi
1398 2166 1505 2248 inter
1523 2166 1805 2250 continentem
1826 2166 1873 2248 δι
1897 2167 2002 2250 inlu-

436 2287 515 2371 lam
530 2286 758 2385 Lucaniam,
785 2289 884 2373 alter
904 2315 926 2373 a
947 2287 1048 2371 mari
1067 2286 1205 2370 indico
1223 2285 1330 2372 inter
1348 2285 1630 2372 continentem
1651 2286 1694 2371 &
1713 2286 1880 2372 insulam
1902 2289 2003 2368 Bor·

436 2434 516 2492 neo.
570 2412 640 2495 An
666 2410 780 2494 aellus
810 2410 936 2520 spatio
965 2408 1164 2494 horarum.
1186 2408 1458 2496 duodecima
1485 2408 1583 2492 mari
1610 2407 1762 2508 Indico,
1798 2407 1842 2492 dc
1872 2408 2004 2519 spatio

436 2529 629 2616 horarum
646 2531 716 2620 sex
742 2561 764 2618 a
788 2534 887 2616 mari
914 2529 1072 2634 Sinenfi
1088 2555 1160 2641 per
1188 2530 1292 2616 freta
1308 2530 1372 2614 illa
1398 2531 1627 2630 uenientes,⁴
1645 2529 1689 2613 dt
1711 2531 1766 2614 fic
1793 2531 1833 2616 in
1855 2533 1997 2619 horam

438 2657 600 2740 tertiam
619 2652 664 2743 δι
682 2679 831 2739 nonam
851 2656 1031 2737 lunarem
1053 2651 1296 2751 incidentes,
1322 2673 1571 2763 componant
1590 2651 1828 2762 hujusmodi
1840 2671 1995 2765 motus;

436 2775 538 2862 fitne
557 2779 630 2860 alia
656 2779 826 2859 marium
853 2777 1013 2859 illorum
1040 2775 1242 2876 conditio,
1268 2774 1618 2862 observationibus
1635 2777 1865 2862 vicinorum
1889 2779 1998 2862 lltto—

436 2923 529 2981 rum
553 2897 908 2982 determinandum
929 2899 1138 3011 relinquor,

493 3018 703 3105 Hadenus
730 3017 862 3108 caulas
880 3039 1068 3108 motuum
1088 3027 1193 3108 lunae
1219 3022 1264 3107 dr
1290 3025 1464 3113 marium
1482 3024 1661 3114 reddidi.
1715 3025 1782 3112 De
1800 3028 1997 3141 quantita·

437 3164 479 3236 te
495 3166 686 3236 motuum
700 3145 783 3255 jam
809 3147 1002 3234 conuenit
1027 3148 1159 3262 aliqua
1175 3147 1426 3258 subjungere

578 3372 1044 3470 PROPOSJTIO
1080 3372 1242 3472 XXV.
1322 3376 1731 3470 P'ROB'LEMA
1765 3373 1852 3472 Vl.
1914 3372 1920 3404 ²

605 3533 811 3635 Invenire
833 3531 948 3632 uires
960 3534 1065 3656 salis
1098 3534 1168 3635 ad
1183 3534 1512 3675 perturbando
1539 3566 1674 3636 motus
1698 3539 1838 3637 lunae..
1951 3554 1971 3601 ³

488 3725 685 3841 Defignet
705 3727 741 3810 S.
752 3729 901 3830 solem„
918 3727 959 3812 T
978 3748 1141 3828 tertam,
1167 3732 1212 3820 P
1238 3733 1390 3833 lunam,
1420 3734 1596 3820 CADB
1617 3737 1763 3822 orbem
1782 3737 1902 3824 lunaer
1954 3736 2008 3822 litt
