4336 5656
386 225 789 326 PRINClPlA
836 209 1433 316 MATHEMATICA.
1646 190 1710 318 87

203 405 247 494 ln
267 406 341 493 hac
357 403 651 519 propolitione,
679 398 723 486 δι
746 397 838 484 casu
856 393 1037 482 secundo
1061 388 1346 507 propolitionis
1371 381 1586 496 superioris
1609 406 1709 467 con·
1747 379 1820 524 Pla
1820 399 1892 521 ζζζζ
1890 479 1915 521 a

130 537 384 622 structores
402 532 560 618 eaedem
585 531 689 624 sunt,
708 527 788 612 five
808 526 918 610 recta
937 522 985 606 X
987 522 1038 606 Y
1054 519 1323 630 trajectoriam
1338 513 1448 600 secet
1473 511 1517 596 in
1535 508 1639 594 X&
1661 507 1712 607 Y,

131 665 229 750 srve
250 690 333 749 non
351 659 488 756 lecet;
523 681 666 770 eaeque
688 681 773 742 non
795 653 980 766 pendent
1010 652 1060 734 ab
1087 651 1162 733 hac
1191 646 1381 732 ludione.
1437 639 1519 725 Sed
1539 638 1711 722 demon-

133 791 275 878 stratis
297 786 663 875 construdionibus
686 783 758 866 ubi
784 781 892 866 reeta
919 779 984 862 illa
1008 764 1277 884 t'rajedtoriam
1297 771 1417 865 secat,
1454 765 1714 854 innotescunt

132 916 483 1012 construstiones,
510 911 581 996 ubi
603 935 687 994 non
708 907 841 1005 secam
878 902 1005 1017 iisque
1028 903 1132 988 ultra
1159 893 1480 984 demonstrandis
1508 889 1714 980 brevitatis

132 1046 279 1159 gratia
293 1069 378 1133 non
395 1043 608 1126 immoror.

626 1241 668 1334 L
706 1243 741 1336 E
778 1240 833 1332 M
869 1237 926 1330 M
960 1239 1004 1330 Α
1077 1231 1227 1328 XXll.

338 1427 519 1564 figuras
541 1421 588 1520 in
612 1420 725 1520 aliar
748 1420 933 1556 ejusdem
952 1411 1124 1552 generis
1134 1361 1315 1546 figuras
1336 1439 1525 1512 mutare.

207 1683 536 1773 Transmutanda
579 1685 625 1773 srt
659 1685 787 1796 ligura
820 1680 973 1797 quavis
1005 1675 1056 1759 H
1070 1676 1110 1760 G
1131 1675 1167 1763 J.
1236 1674 1557 1784 Ducanturpro
1588 1657 1720 1756 lubitu

140 1813 275 1900 recta
311 1811 405 1896 duae
438 1811 633 1923 parallelae
664 1812 710 1894 A
722 1811 772 1907 Ο,
802 1803 903 1890 BL
944 1803 1106 1888 tertiam
1137 1800 1320 1916 quamvis
1348 1794 1550 1910 politione
1584 1795 1721 1882 datam

142 1945 200 2026 A
213 1938 254 2021 B
285 1939 465 2023 secantes
493 1936 535 2021 in
562 1935 665 2020 A&
694 1935 747 2032 B,
775 1933 866 2019 &a
893 1932 1035 2040 ligutae
1056 1930 1209 2039 pundo
1232 1923 1378 2040 quovis
1405 1922 1458 2023 G,
1496 1921 1548 2008 ad
1570 1924 1722 2006 rectam

144 2063 239 2150 AB
262 2061 435 2148 ducatur
460 2063 612 2175 quaevis
638 2061 755 2158 GU,
782 2059 854 2172 ipsr
883 2061 983 2142 ΟΛ
1004 2055 1197 2168 parallela.
1252 2049 1417 2136 Deinde
1439 2075 1460 2133 a
1484 2049 1637 2160 pundo
1655 2045 1724 2130 ali·

145 2215 241 2303 quo
260 2189 312 2286 O,
339 2195 381 2273 in
405 2189 509 2274 linea
530 2189 627 2269 OA
644 2187 754 2284 dato,
782 2187 834 2272 ad
862 2187 1057 2300 pundum
1086 2181 1138 2264 D
1167 2179 1339 2265 ducatur
1366 2179 1475 2262 recta
1498 2173 1615 2273 OD,
1650 2169 1724 2284 ipfi

145 2316 195 2397 B
210 2314 253 2397 L
270 2337 492 2399 occurrens
511 2314 553 2397 in
577 2313 616 2411 d,
642 2311 684 2396 δι
705 2343 726 2398 a
747 2339 850 2426 pun·

145 2443 224 2528 ἂο
242 2440 433 2529 occursus
459 2443 638 2552 erigatur
659 2443 768 2526 resta
786 2442 850 2555 dg

148 2573 298 2660 datum
318 2571 504 2684 quemvis
534 2571 727 2682 angulum
754 2597 851 2657 cum

149 2701 268 2788 reela
286 2697 367 2780 BL
379 2699 608 2796 continent,
622 2718 745 2812 atque
760 2724 851 2785 eam
1031 2697 1038 2714 ”

150 2825 311 2913 habens
329 2825 529 2910 rationem
550 2824 601 2908 ad
625 2826 708 2908 Od
725 2851 849 2939 quam

150 2951 280 3038 habet
310 2948 487 3035 DGad
507 2951 628 3050 OD3
656 2947 701 3033 δε
726 2952 804 3036 erit
819 2981 851 3067 g

150 3078 354 3194 punctum
384 3077 427 3164 in
452 3077 581 3190 figura
612 3103 719 3164 nova
751 3077 778 3161 h
789 3081 852 3195 gi

150 3203 310 3319 pundo
328 3201 369 3286 G
386 3201 642 3313 respondens.
691 3198 851 3290 Eadem
1010 3290 1016 3301 ,

153 3334 316 3419 ratione
350 3331 497 3438 puncta
526 3327 677 3436 srngula
709 3331 849 3437 figurae

155 3459 304 3572 primae
322 3451 476 3536 dabunt
503 3453 650 3561 puncta
674 3451 850 3538 totidem

154 3587 300 3696 figurae
326 3601 456 3664 novae.
515 3573 704 3688 Concipe
724 3577 849 3686 igitur
883 3587 920 3654 Α

157 3711 356 3828 pundlum
385 3703 561 3788 Gmotu
589 3703 788 3789 continuo
813 3729 1057 3819 percurrere
1074 3703 1229 3817 ponda
1250 3701 1387 3788 omnia
1410 3702 1551 3813 figurae
1571 3703 1730 3816 prime,
1796 3725 1798 3731 ·

159 3841 202 3925 ἃ
222 3835 418 3950 pandum
435 3857 467 3944 g
486 3849 605 3914 motu
627 3829 773 3915 itidem
793 3833 992 3918 continuo
1015 3849 1226 3944 percurret
1257 3833 1404 3945 pundla
1432 3833 1567 3916 omnia
1586 3833 1727 3944 figurae

160 3987 282 4050 novae
314 3955 357 4040 δι
386 3957 558 4041 eandem
588 3955 803 4043 describet.
868 3955 1146 4044 Distint‘iionis
1180 3961 1307 4068 gratia
1338 3957 1595 4044 nominemus
1623 3961 1732 4044 DG·

162 4089 393 4178 ordinatam
416 4083 602 4194 primam,
639 4081 667 4165 d
681 4111 710 4196 g
730 4085 957 4200 ordinatam
983 4110 1155 4184 novam;
1184 4084 1291 4169 Am
1319 4083 1522 4172 absciffam
1541 4086 1728 4197 primam,
1774 4091 1778 4098 '

26 4333 30 4342 Ι
162 4207 448 4304 adabsciffam
467 4235 645 4307 novam;
674 4212 712 4292 0
730 4212 884 4323 polum,
912 4213 1016 4297 OD
1034 4210 1195 4298 radium
1217 4210 1531 4312 abscindentem,
1559 4215 1654 4299 ΟΛ
1665 4242 1728 4302 ra·

165 4345 278 4431 dium
307 4335 542 4424 ordinatum
565 4337 759 4448 primum,
794 4335 838 4423 &
858 4338 936 4422 Oa
964 4341 1067 4451 (quo
1095 4338 1513 4449 parallelogrammum
1543 4341 1732 4429 OABa

166 4467 414 4579 completur)
442 4461 602 4547 radium
625 4462 859 4550 ordinatum
879 4489 1044 4552 novum.

218 4593 329 4678 Dico
351 4586 433 4698 jam
453 4587 583 4700 quod,
611 4588 856 4702 fipunctum
884 4587 925 4672 G
947 4591 1074 4700 tangit
1100 4589 1252 4674 rectam
1275 4588 1421 4673 lineam
1442 4591 1642 4701 posrtione
1659 4595 1728 4679 da·

168 4731 264 4813 tam,
296 4717 491 4826 punctum
514 4743 545 4829 g
576 4733 715 4823 tanget
742 4717 866 4801 etiam
892 4713 1042 4799 lineam
1067 4713 1219 4798 rectam
1246 4712 1445 4822 posrtione
1473 4717 1621 4801 datam.
1685 4714 1736 4797 Si
1776 4780 1779 4788 .

168 4839 363 4951 punctum
383 4835 424 4920 G
448 4838 576 4950 tangit
605 4839 793 4924 conicam
818 4837 1052 4936 sedionem,
1080 4835 1324 4949 punciumg
1350 4855 1487 4946 tanget
1510 4839 1631 4921 etiam
1660 4861 1728 4920 co·
1886 4893 1890 4904 ·

170 4963 301 5052 nicam
319 4958 554 5052 sefflonem.
594 4959 764 5053 Couicis
790 4961 1032 5053 leuioribus
1050 4961 1118 5048 hic
1137 4959 1336 5046 circulum
1355 4984 1589 5047 annumero.
1627 4957 1730 5044 Por·

1682 5109 1741 5171 ro
