4338 5656
440 309 552 413 '530
663 268 1198 378 PHILOSOPHIAE
1244 265 1716 398 NATURALIS,
1766 277 1855 372 dcc.

242 455 346 524 ΏΙΜ
346 467 427 516 “⁸¹³¹
514 449 726 540 Hasienus
748 454 1016 572 phaenomena
1034 446 1230 530 caelorum
1259 441 1303 528 ur
1323 443 1443 526 maris
1462 441 1584 528 nollri
1615 443 1792 555 pervim
1815 441 2036 552 gravitatis

246 541 432 620 §tastum

458 583 643 725 exposui,
667 583 738 667 sed
759 579 919 666 causam
939 575 1147 686 gravitatis
1166 573 1353 660 nondum
1373 572 1563 682 assignavi
1602 572 1749 658 Oritur
1770 576 1918 686 utique
1939 575 2032 660 haec

457 711 517 796 vis
536 738 557 792 a
576 707 692 792 causa
712 708 856 820 aliqua,
875 729 968 818 quae
991 721 1180 816 penetrat
1199 699 1251 784 ad
1271 699 1398 812 usque
1417 721 1559 784 centra
1580 697 1692 784 solis
1688 697 1737 782 ἃ
1755 702 2032 812 planetarum,

458 835 540 922 fine
561 835 723 919 virtutis
745 833 1045 924 diminutione;
1076 853 1253 940 quaeque
1280 827 1362 934 agit
1392 850 1477 910 non
1505 851 1584 938 pro
1608 826 1835 940 quantitate
1853 829 2029 936 fiperfi

459 965 609 1048 clerum
628 957 966 1080 particularum,
956 983 999 1040 ιιι
1020 981 1120 1068 quas
1146 957 1228 1066 agit
1258 953 1330 1056 (ut
1353 953 1481 1040 solent
1500 953 1630 1036 causae
1655 954 1931 1062 mechanicae)
1959 953 2026 1040 sed

459 1117 542 1204 pro
563 1090 790 1204 quantitate
809 1087 991 1172 materiae
1011 1087 1057 1192 stt
1061 1083 1174 1178 lida,
1205 1081 1247 1164 dt
1268 1079 1380 1191 cujus
1399 1081 1535 1166 aslio
1525 1107 1568 1164 ιιι
1590 1081 1802 1165 immensas
1823 1081 2028 1169 distantias

379 1247 383 1254 ·
458 1216 643 1325 undique
663 1213 913 1308 extenditur,
931 1206 1213 1294 decrescendo
1232 1205 1420 1318 semper
1410 1235 1452 1292 tn
1472 1206 1678 1316 duplicata
1700 1206 1858 1291 ratione
1884 1205 2026 1290 dislau-

457 1343 619 1425 tiarum.
677 1336 902 1422 Gravitas
892 1365 935 1420 m
962 1335 1089 1418 solem
1116 1335 1383 1442 componitur
1416 1359 1471 1418 ex
1497 1329 1801 1442 gravitatibus
1790 1359 1834 1416 ιιι
1858 1332 2027 1442 lingulas

458 1467 552 1554 solis
573 1466 798 1576 particulas
827 1463 870 1550 dc
898 1461 1137 1548 recedendo
1166 1462 1295 1546 asole
1313 1459 1516 1546 decrescit
1536 1449 1727 1546 accatrate
1755 1461 1797 1543 in
1823 1459 2035 1570 duplicata

455 1593 615 1679 ratione
636 1589 915 1674 distantiarum
943 1589 992 1672 ad
1019 1587 1152 1700 usque
1178 1587 1323 1673 orbem
1345 1587 1510 1686 saturni,
1536 1607 1582 1671 ut
1605 1613 1659 1672 ex
1678 1587 1820 1698 quiete
1849 1588 2029 1698 aphelio-

456 1742 549 1801 rum
581 1719 832 1829 planetarum
856 1711 1113 1795 manifeslum
1135 1710 1206 1807 est,
1235 1710 1279 1794 dv
1304 1709 1356 1794 ad
1385 1708 1513 1822 usque
1535 1713 1677 1796 ultima
1704 1729 1967 1795 cometarum
1991 1740 2031 1794 a·

458 1839 605 1949 phelia,
633 1833 812 1920 srmodo
840 1834 998 1942 aphelia
1024 1835 1089 1918 illa
1116 1835 1337 1946 quiescant.
1395 1834 1619 1921 Rationem
1648 1862 1751 1921 vero
1771 1837 1919 1920 harum
1942 1861 2027 1946 gra·

457 1965 593 2048 vitatis
620 1960 920 2070 proprietatum
960 1987 1015 2045 ex
1042 1961 1326 2070 phoenomenis
1354 1961 1543 2046 nondum
1574 1961 1693 2072 potui
1726 1961 1949 2058 deducere,
1979 1961 2026 2042 de

458 2085 701 2200 hypotheses
727 2113 812 2172 non
835 2085 957 2196 fingo.
1013 2085 1228 2199 Quicquid
1253 2086 1364 2202 enim
1392 2115 1445 2174 ex
1472 2087 1758 2198 phaenomenis
1782 2112 1864 2170 non
1893 2085 2026 2169 dedu·

459 2215 588 2312 citur,
612 2210 826 2322 hypothests
854 2209 1040 2296 vocanda
1063 2211 1149 2308 est;
1187 2212 1230 2296 δι
1258 2213 1503 2326 hypotheses
1532 2213 1603 2298 seu
1630 2209 1930 2322 metaphyhcae‚
1955 2209 2037 2296 seu.

457 2339 647 2451 physrcae,
676 2323 743 2418 seu
762 2335 1006 2452 qualitatum
1026 2339 1294 2433 occultarum,
1322 2338 1393 2423 seu
1416 2337 1682 2435 mechanicae,
1716 2336 1761 2420 in
1777 2337 2029 2448 pbiloftphia

457 2461 765 2572 experimentali
796 2460 934 2542 locum
960 2483 1045 2544 non
1066 2459 1229 2546 habent.
1282 2459 1327 2545 ln
1350 2463 1425 2545 hac
1453 2459 1708 2572 philosophia
1728 2459 2043 2571 propositiones-

457 2587 722 2674 deducuntur
748 2594 801 2668 e'x
818 2584 1133 2696 'phaenomenisv
1150 2585 1193 2668 dc
1220 2585 1453 2672 redduntur
1481 2586 1689 2698 generales
1724 2613 1797 2698 per
1822 2585 2034 2668 indnelio-

456 2739 567 2798 nem.
623 2711 690 2794 Sic
717 2709 1097 2850 impenetrabilitas,
1125 2710 1343 2810 mobilitas,
1369 2713 1414 2796 de
1442 2713 1620 2822 impetus
1651 2735 1874 2821 corporum
1898 2707 1941 2792 dc
1965 2712 2033 2794 le·
2143 2813 2144 2817 Ν

458 2861 529 2944 ges
558 2855 750 2916 motuum
780 2833 823 2913 dc
853 2835 1063 2940 gravitatis
1086 2835 1369 2922 innotuerunt
1423 2833 1480 2921 Et
1507 2837 1600 2919 satis
1622 2835 1678 2918 est
1702 2835 1818 2946 qnod
1852 2835 2052 2943 gravitas·

458 2981 608 3042 revera
627 2951 782 3048 existat,
812 2953 854 3036 de
881 2974 974 3062 agat
997 2953 1222 3044 secundum
1247 2963 1355 3068 leges
1373 2987 1396 3044 a
1417 2960 1534 3045 nobis
1557 2957 1757 3068 expostus,
1788 2958 1835 3038 dc
1856 2958 1910 3042 ad
1929 2985 2034 3042 cor·

459 3101 610 3195 porum
638 3065 857 3160 caelestium
887 3073 932 3158 u
956 3079 1077 3162 maris
1103 3079 1228 3164 nollri
1253 3101 1391 3166 motus
1418 3107 1560 3166 omnes
1584 3077 1768 3164 sufficiat

516 3201 750 3313 Adjicere
736 3225 818 3309 Jam
842 3201 986 3287 liceret
1006 3207 1198 3288 nonnulla
1221 3206 1274 3288 de
1297 3207 1440 3316 spiritu
1460 3204 1641 3318 quodam
1664 3202 1922 3290 subtilissimo
1936 3233 2033 3291 cor·

330 3377 333 3386 ·
459 3327 560 3464 pora
562 3323 710 3409 crassa
737 3323 1001 3433 pervadente,
1030 3323 1104 3407 &‘
1094 3354 1134 3409 ιιι
1164 3327 1305 3410 iisdem
1332 3330 1508 3424 latente,
1540 3329 1654 3436 cujus
1674 3327 1715 3410 vi
1739 3323 1784 3408 dt
1803 3325 2032 3415 astionibus

459 3422 670 3566 particulae
694 3471 917 3556 corporum
951 3444 1001 3529 ad
1029 3449 1215 3534 minimas
1225 3449 1446 3536 distantias
1473 3451 1525 3534 se
1542 3469 1691 3535 mutuo
1724 3453 1944 3550 attrahunt,
1983 3455 2032 3538 δι

461 3573 670 3710 contiguae
701 3567 815 3654 saslae
841 3573 1076 3668 cohaeream
1108 3572 1351 3684 &corpora
1378 3574 1567 3660 eledlrica
1596 3595 1723 3683 agunt
1744 3577 1795 3661 ad
1824 3576 2033 3662 distantias

461 3698 649 3804 majores,
677 3713 758 3776 tam
778 3690 1016 3802 repellendo
1039 3719 1161 3806 quam
1186 3699 1439 3784 attrahendo·
1449 3697 1746 3810 corpuscula
1709 3699 1864 3796 vicinas
1893 3701 1937 3784 dc
1955 3704 2035 3786 lux

463 3819 680 3914 emittitur,
708 3814 947 3914 refleslitur,
975 3820 1227 3928 refringitur,
1255 3819 1493 3919 insleslituu
1520 3820 1779 3936 rdecorpora
1809 3823 2030 3923 calefacit;

464 3945 508 4030 de
534 3941 703 4028 sensatio
734 3940 866 4024 omnis
896 3941 1181 4040 excitatum&
1209 3946 1405 4031 membra
1427 3938 1658 4034 animalium
1691 3947 1741 4032 ad
1772 3951 2033 4034 voluntatem

462 4087 697 4165 moventur,
724 4064 1019 4152 vibrationibus
1043 4067 1197 4151 scilicet
1222 4068 1338 4180 hujus
1360 4070 1523 4215 spiritus
1552 4097 1625 4185 per
1654 4071 1782 4158 solida
1804 4100 2033 4160 nervorum

461 4198 739 4338 capillamenta
766 4192 816 4275 ab
842 4195 1022 4280 extemis
1044 4195 1230 4281 sensuum
1259 4199 1421 4312 organis
1447 4200 1498 4285 ad
1518 4199 1731 4285 cerebrum
1749 4199 1794 4284 δι
1813 4229 1836 4285 a
1856 4205 2034 4292 cerebro

462 4325 505 4406 in
531 4317 732 4402 musculos
762 4321 1006 4426 propagatis.
1064 4319 1146 4405 Sed
1174 4323 1264 4407 haec
1289 4327 1427 4437 paucis
1446 4327 1598 4441 exponi
1625 4352 1709 4412 non
1736 4323 1931 4436 pollunt;
1956 4353 2032 4411 ne-

462 4469 544 4560 que
575 4437 687 4524 adest
711 4437 915 4526 sufficiens
943 4444 1063 4556 copia
1085 4448 1482 4558 experimentorum,
1510 4453 1658 4566 quibus
1679 4453 1793 4562 leges
1820 4448 2043 4542 aelianum.

461 4565 531 4678 huJ
534 4591 578 4652 us
601 4557 762 4678 spiritus
786 4583 975 4651 accurate
997 4563 1258 4734 determinari
1286 4572 1330 4659 dc
1351 4575 1562 4721 monstrati
1586 4573 1770 4663 debent..

1056 4815 1423 4907 Fluulu

1660 4981 1667 4998 ’
1756 5051 2040 5152 tuoex
