4344 5648
418 231 1467 342 iiiucii-iniiariierriiricii.
1624 269 1719 366 327

1775 422 1800 480 L
1833 439 1903 480 rin

154 505 280 576 nente
306 500 420 594 parte
447 414 567 656 {It-43
582 519 593 581 ς
625 477 892 566 &describet
917 476 1089 590 spatium
1118 474 1299 590 quodsit
1323 475 1382 560 ad
1404 473 1574 588 spatium
1601 440 1831 562 motusacb
1843 518 1954 560 uuuuu

154 672 351 759 uniformi
382 667 435 754 M
463 673 615 758 eodem
644 689 833 781 tempore
861 684 881 748 t
906 665 1169 779 descriptum,
1203 685 1246 751 ut
1272 666 1537 776 logariibmus
1566 667 1726 752 numeri

155 798 276 1018 ³ss
299 861 589 974 multiplicatus
615 885 690 974 per
721 881 937 944 numerum
964 857 1325 965 2,302585c92994
1354 855 1412 941 est
1437 855 1488 940 ad
1508 881 1724 943 numerum

153 1075 224 1269 {v
251 1137 469 1232 propterea
494 1115 609 1231 quod
637 1141 728 1200 area
752 1112 1016 1224 hyperbolica
1044 1112 1136 1199 BC
1144 1113 1187 1196 F
1198 1111 1244 1194 E
1273 1111 1330 1197 est
1361 1113 1420 1197 ad'
1450 1113 1725 1222 redargulum

158 1309 318 1396 BCGE
345 1310 388 1394 in
409 1307 483 1392 hac
512 1304 795 1419 proportione.
877 1341 883 1354 ·
1564 1283 1567 1288 ⁵

825 1526 1059 1631 Scholium.

218 1697 262 1782 lii
283 1701 358 1782 liae
385 1693 664 1807 propositione
693 1691 873 1804 exposui·
889 1689 1148 1776 resistentiam
1175 1689 1218 1773 dc
1247 1690 1565 1776 retardationem
1593 1689 1728 1800 prole*

163 1818 317 1906 dilium
337 1820 630 1933 sphaericoium
654 1819 696 1902 in
717 1818 863 1901 mediis
881 1841 965 1900 non
990 1816 1208 1934 continuis,
1237 1813 1280 1899 dc
1307 1815 1466 1901 ostendi
1496 1818 1610 1928 quod
1640 1819 1727 1901 liaec

162 1944 379 2030 resistentia
398 1945 445 2029 sit
464 1944 515 2030 ad
536 1945 620 2029 vim
639 1969 719 2054 qua
739 1963 849 2028 totus
875 1942 987 2050 globi
1014 1961 1150 2027 motus
1177 1943 1241 2025 vel
1270 1943 1356 2026 tolli
1385 1941 1505 2052 possit
1525 1944 1589 2025 vel
1609 1967 1731 2050 gene·

164 2072 243 2154 rari
264 2096 349 2182 quo
382 2059 570 2177 tempore
589 2066 734 2178 globus
753 2065 852 2149 duas
873 2065 1011 2149 tertias
1031 2065 1220 2150 diametri
1246 2065 1327 2149 suae
1353 2085 1486 2174 partes
1512 2067 1731 2150 velocitate

164 2195 426 2281 uniformiter
455 2193 691 2276 continuata
721 2189 933 2284 describat,
974 2210 1020 2273 ut
1052 2189 1223 2276 densitas
1255 2189 1382 2274 medii
1413 2191 1462 2274 ad
1492 2190 1731 2276 densitatem

166 2317 295 2426 globi,
323 2316 351 2400 si
380 2315 508 2400 modo
534 2314 678 2423 globus
711 2312 754 2394 δι
783 2313 990 2421 particulae
1017 2311 1145 2396 medii
1173 2312 1248 2397 sint
1269 2311 1426 2397 summe
1451 2314 1606 2398 elassica
1628 2309 1734 2396 &vi

166 2440 342 2526 maxima
364 2437 601 2524 refleslendi
622 2438 824 2548 polleant:
853 2437 1051 2551 quodque
1080 2439 1169 2522 haec
1192 2439 1250 2522 vis
1277 2437 1323 2522 sit
1347 2438 1474 2550 duplo
1509 2441 1643 2524 minor
1663 2437 1736 2522 ubi

167 2563 310 2674 globus
339 2560 380 2644 dc
405 2561 613 2673 particulae
642 2560 778 2644 med-ii.
793 2560 884 2644 sunt
910 2560 1067 2645 infinite
1096 2560 1197 2645 dura
1225 2559 1329 2645 &vi
1355 2561 1596 2646 ressedendi
1622 2586 1738 2670 pion

168 2687 231 2772 sus
254 2681 475 2768 destituta·
508 2682 553 2766 ln
578 2682 723 2766 mediis
754 2705 891 2768 autem
929 2681 1134 2768 continuis
1162 2684 1294 2795 qualia
1325 2683 1414 2770 suut
1445 2703 1562 2796 aqua,
1599 2685 1738 2770 oleum

169 2804 361 2902 calidum,
389 2801 432 2887 dc
452 2823 665 2911 argentum
686 2805 839 2903 vivum,
867 2805 1074 2917 inquibus
1102 2807 1247 2915 globus
1273 2833 1356 2892 non
1381 2808 1527 2893 incidit
1552 2805 1739 2898 immedi:

167 2950 234 3016 ate
257 2929 299 3012 iii
329 2952 471 3013 omnes
501 2926 620 3013 fluidi
656 2929 868 3037 particulas
903 2929 1163 3014 resistentiam
1192 2951 1447 3038 generantes,
1486 2930 1556 3015 sed
1589 2925 1739 3041 premit

169 3072 330 3138 tantum¹
347 3051 550 3161 proximas
571 3050 849 3162 particulas&
873 3052 935 3136 hae
958 3073 1150 3164 premunt
1171 3056 1263 3138 alias
1284 3054 1325 3138 dc
1346 3057 1410 3138 bae
1430 3055 1534 3151 alias,
1562 3055 1740 3140 resilien-

171 3179 229 3259 tia
257 3174 314 3258 est
346 3173 480 3258 adbuc
513 3175 642 3285 duplo
674 3176 821 3261 minor.
878 3175 1036 3262 Globus
1075 3178 1222 3288 utique
1257 3181 1299 3263 in
1331 3176 1562 3285 hujusmodi
1594 3177 1740 3260 mediis

171 3293 413 3380 fluidiffimis
432 3294 690 3380 resistentiam
710 3298 862 3405 patitur
887 3323 981 3408 quae
998 3299 1054 3380 eli
1075 3299 1125 3382 ad
1145 3299 1228 3380 vim
1256 3325 1335 3410 qua
1365 3319 1475 3384 totus
1501 3298 1587 3405 ejus
1605 3316 1742 3386 motus

171 3419 237 3500 vei
258 3418 345 3500 tolli
364 3417 484 3526 possit
499 3419 562 3500 vel
590 3419 774 3526 generari
800 3444 885 3531 quo
905 3437 1106 3529 tempore,
1134 3441 1252 3505 motu
1273 3423 1343 3506 illo
1368 3421 1627 3507 uniformiter
1644 3446 1743 3507 con·

174 3543 347 3636 tinuato,
374 3559 506 3650 partes
532 3540 627 3626 oflo
651 3543 788 3627 tertias
816 3543 1006 3628 diametri
1033 3546 1114 3629 suae
1144 3543 1358 3647 describat,
1385 3565 1430 3631 ut
1459 3546 1630 3632 densitas
1656 3572 1742 3631 me·

174 3663 234 3874 ὲὶἰ
262 3664 311 3749 ad
333 3647 569 3750 densitatem
588 3661 713 3775 globi.
768 3664 814 3753 Id
842 3665 1027 3780 quodin
1059 3668 1318 3782 sequentibus
1345 3671 1585 3758 conabimur
1612 3670 1741 3758 oslen-

205 3814 286 3874 ere.
719 3834 722 3840 ·

255 4003 719 4104 P'ROPOSITIO
770 4009 998 4112 XXXVI.
1073 4011 1484 4110 PROB'LEMA
1529 4011 1657 4112 Vlll.¹

177 4183 329 4317 Aqua.
342 4183 397 4282 de
419 4193 522 4308 vase
545 4188 779 4322 cylindrico
802 4220 892 4328 per
915 4195 1125 4326 foramen
1143 4195 1194 4292 in
1207 4193 1348 4338 stando
1360 4191 1547 4323 fassum-
1566 4190 1752 4325 efflue&

717 4343 772 4442 tis
795 4343 982 4474 definire
1005 4376 1180 4448 motum.

234 4581 293 4664 Sit
322 4589 517 4672 ACDB
544 4615 611 4673 vas
643 4589 929 4700 c-ylindiieum,
964 4595 1057 4679 AB
1087 4597 1172 4705 ejus
1204 4595 1407 4680 orificium
1433 4593 1626 4708 superius,
1655 4597 1746 4683 CD

180 4705 354 4791 fundum
374 4711 580 4797 horizonti
607 4716 853 4824 parallelum,
881 4715 968 4802 EF·
987 4719 1170 4805 foramen
1198 4722 1394 4804 circulare
1422 4721 1465 4806 iri
1489 4722 1630 4805 medio
1656 4719 1747 4802 sun·-

180 4830 237 4926 di,
266 4830 305 4913 G
326 4853 513 4917 centrum
533 4837 770 4935 foraminis,
784 4837 828 4920 δι
850 4838 944 4920 GH
955 4843 1038 4926 axis
1058 4843 1231 4954 cylindri
1250 4845 1456 4930 horizonti
1479 4839 1750 4954 perpendicu-

180 4944 281 5042 lans.
350 4953 408 5042 Et
435 4957 543 5079 finge
573 4961 803 5073 cylindrum
831 4964 1193 5087 glaciei-APQB
1221 4967 1402 5075 ejusdem
1431 4963 1509 5052 else
1533 4966 1763 5066 latitudinis.

1653 5117 1755 5178 cum·
