4344 5648
449 221 1494 324 Putuotrtnmnruaunrtcn.
1665 221 1756 350 283

195 391 417 490 densetur;
446 411 591 476 contra
616 391 867 500 hypothefin.
922 395 1019 480 Non
1040 395 1200 506 poliunt
1227 393 1386 503 longius
1405 394 1455 476 ab
1474 417 1527 477 eo
1554 391 1766 486 recedere,
1780 395 1947 536 sam
1945 487 1981 527 m

194 516 467 602 nisrfluidum
492 517 543 604 ad
573 515 946 605 circumferentiam
980 521 1281 615 condensorum
1318 521 1440 602 etiam
1467 539 1610 603 contra
1638 518 1766 628 bypo-
1833 492 1935 536 ΝΗ
1983 509 1991 524 '

195 641 335 726 thefin.
392 643 489 729 Non
516 643 679 755 pollunt
704 642 856 728 servata
889 645 1007 730 suaa
1038 669 1183 731 centro
1213 646 1396 730 distantia
1421 646 1581 728 moveri
1613 645 1654 726 in
1686 645 1766 754 pla·

192 787 287 870 gam
307 791 611 881 quamcunque,
639 766 734 876 quia
762 769 846 878 pari
877 773 1038 856 ratione
1066 770 1377 855 movebuntur
1368 796 1409 852 m
1429 771 1585 878 plagam
1606 786 1766 850 contra·

191 890 327 990 riam;
364 895 406 979 in
434 897 567 1004 plagas
593 921 741 1012 autem·
759 900 979 986 contrarias
1012 921 1095 980 non
1131 895 1262 1003 potest
1294 919 1383 1003 pars
1416 893 1576 990 eadem,
1610 892 1763 976 eodem

190 1035 396 1126 tempore,
435 1025 603 1107 moveri.
669 1023 785 1136 Ergo
813 1024 931 1110 lluidi
958 1048 1048 1134 pars
1076 1021 1182 1104 nulla
1212 1019 1265 1102 de
1295 1021 1390 1102 loco
1416 1017 1489 1101 suo
1516 1017 1761 1108 movebitur.

249 1265 343 1374 Cuf
358 1293 396 1346 2.
424 1264 534 1351 Dico
550 1269 646 1378 jam,
674 1273 785 1384 quod
804 1271 922 1356 fluidi
943 1269 1058 1378 hujus
1085 1289 1217 1378 partes
1237 1292 1378 1352 omnes
1404 1265 1608 1375 sphaericae
1630 1292 1762 1378 aequa·

190 1390 285 1474 liter
312 1412 552 1498 premuntur
577 1395 771 1509 undique.
829 1397 889 1478 Sit
919 1396 1029 1478 enim
1059 1391 1146 1472 EF
1165 1417 1254 1502 pars
1275 1391 1467 1502 sphaerica
1492 1387 1625 1486 fluidi,
1661 1391 1763 1476 &st

190 1513 280 1597 baec
303 1515 485 1626 undique
506 1543 587 1603 non
606 1521 807 1632 premitur
834 1520 1056 1633 equaliter,
1083 1537 1276 1625 augea-rur
1296 1513 1444 1626 preffio
1468 1514 1616 1612 minor,
1639 1515 1763 1628 usque

190 1638 292 1722 dum
311 1637 391 1748 ipsa
427 1641 609 1754 und-ique
645 1662 852 1754 prematur
884 1644 1123 1756 aequaliter;
1160 1639 1366 1750 &partes
1395 1637 1494 1746 eiua,
1521 1663 1596 1750 per
1625 1639 1762 1724 casu-m

188 1763 381 1873 primum,
416 1769 713 1873 permanebunt
698 1769 785 1851 tin
815 1768 915 1850 locis
945 1768 1034 1850 suis.
1092 1765 1173 1848 Sed
1213 1784 1307 1848 ante
1331 1762 1488 1846 audiam
1513 1760 1764 1872 preffionem

136 1907 148 1920 “·
188 1890 511 1998 permanebunt
500 1917 544 1974 ιιι
562 1893 660 1975 locis
675 1892 773 1989 suis,
803 1916 874 2001 per
894 1892 1028 1975 calum
1050 1889 1230 1974 eundem
1261 1885 1523 1998 primurm&
1548 1887 1761 1972 additione

188 2011 400 2123 pressionis
425 2039 545 2098 novae
573 2015 850 2098 movebuntur
883 2015 935 2099 de
963 2016 1063 2099 locis
1089 2014 1183 2111 suis,
1218 2037 1291 2122 per
1320 2011 1605 2095 definitionem
1631 2011 1763 2096 lluidi.

186 2135 296 2247 Quae
323 2135 410 2219 duo
439 2161 679 2248 repugnant.
736 2135 850 2248 Ergo
876 2117 973 2222 falso
1001 2137 1216 2222 dicebatur
1238 2135 1353 2248 quod
1384 2133 1535 2246 sphaera
1566 2133 1608 2216 E
1618 2135 1661 2217 F
1675 2161 1762 2222 non

188 2260 375 2370 undique
401 2261 665 2370 premebatur
686 2263 907 2374 aequaliter.
964 2260 1083 2378 QE
1097 2260 1161 2342 7)

244 2387 339 2494 Cas
351 2417 383 2484 3.
412 2385 524 2470 Dico
552 2409 750 2497 praeterea
778 2387 893 2500 quod
918 2386 1167 2472 diversarum
1197 2385 1375 2497 partium
1402 2383 1687 2498 sphaericarum
1710 2411 1762 2472 ae·

185 2511 313 2626 qualis
344 2512 392 2596 srt
418 2512 580 2623 preffio.
644 2512 751 2598 Nam
779 2532 916 2623 partes
939 2511 1153 2622 lphaericae
1190 2511 1397 2618 contiguae
1427 2509 1467 2594 se
1491 2529 1638 2594 mutuo
1669 2537 1761 2624 pre·

186 2655 305 2720 munt
326 2637 535 2748 acqualiter
561 2637 604 2720 in
627 2637 781 2746 pundo
800 2635 1025 2732 conradus,
1054 2662 1128 2746 per
1150 2654 1286 2719 motus
1305 2637 1438 2743 legem
1462 2661 1548 2717 111.
1605 2634 1687 2719 Sed
1702 2635 1760 2740 dt,

186 2788 261 2875 per
291 2762 426 2846 calum
446 2761 685 2860 secundum,
712 2761 896 2876 undique
921 2779 1163 2874 premuntur
1194 2758 1339 2845 eadem
1368 2761 1423 2842 vi.
1479 2763 1614 2843 Partes
1634 2760 1760 2870 igitur

185 2888 280 2970 duae
299 2887 453 2997 quaevis
479 2887 682 2997 sphaericae
707 2913 793 2976 non
821 2888 1041 2996 contiguae,
1070 2887 1166 2999 quia
1183 2911 1274 2997 pars
1294 2883 1488 2996 ¹sphaerica
1513 2885 1758 2971 intermedia

184 3030 351 3118 tangere
377 3009 510 3120 potest
531 3029 764 3122 utramque,
792 3031 1034 3122 prementur
1049 3007 1201 3094 eadem
1228 3007 1281 3092 vi.
1339 3005 1461 3125 QE.
1482 3006 1551 3091 D.

240 3137 333 3242 Caſs
348 3166 386 3241 4.
413 3132 524 3217 Dico
547 3134 632 3242 jam
656 3134 771 3246 quod
794 3133 912 3219 fluidi
934 3154 1068 3245 partes
1092 3158 1234 3218 omnes
1259 3132 1412 3244 ubique
1435 3152 1678 3242 premuntur
1703 3161 1757 3219 ae·
1848 3171 1853 3174 ·

182 3261 367 3376 qualiter.
425 3257 531 3342 Nam
551 3277 686 3369 partes
715 3259 810 3342 duae
827 3261 982 3370 quaevis
1011 3258 1126 3365 tangi
1152 3253 1314 3367 poliunt
1345 3254 1568 3365 apartibus
1595 3255 1759 3366 sphaeri·

183 3387 243 3468 cis
265 3385 307 3466 in
329 3379 485 3492 pundis
511 3377 837 3490 quibuscunque,
873 3378 917 3461 δι
950 3379 1007 3461 ibi
1035 3399 1170 3490 partes
1198 3378 1280 3463 illas
1309 3377 1521 3488 sphaericas
1548 3382 1757 3490 equaliter

183 3522 391 3620 premunt,
418 3529 492 3616 per
512 3502 647 3586 casum
669 3531 703 3599 3·
743 3501 787 3584 &
807 3501 979 3588 vici'ffim
997 3503 1048 3587 ab
1067 3503 1143 3590 illis
1163 3503 1381 3614 equaliter
1395 3523 1654 3615 premuntur,
1680 3533 1756 3622 per

182 3651 319 3719 motus
338 3633 472 3740 legem
493 3627 666 3713 tertiam.
724 3627 850 3748 QE.
869 3630 933 3714 ‘D.
1102 3711 1104 3714 ,

237 3762 327 3866 Cas
345 3784 380 3860 5.
408 3754 549 3841 Cum
537 3753 664 3862 agitur
682 3752 801 3838 fluidi
822 3780 911 3865 pars
930 3752 1122 3865 quaelibet
1143 3749 1285 3838 GHI
1274 3778 1317 3837 tn
1338 3748 1470 3836 fluido
1489 3753 1650 3868 reliquo
1664 3774 1748 3848 tan·

182 3910 305 4004 quam
326 3886 368 3967 in
395 3881 486 3964 vase
512 3879 738 3975 claudatur,
767 3879 1015 3991 &undique
1040 3898 1249 3990 prematur
1277 3875 1500 3989 aequaliter,
1528 3901 1661 3990 partes
1685 3909 1753 3970 au·

181 4031 266 4095 tem
286 4006 372 4114 ejus
390 4004 430 4089 se
450 4022 595 4088 mutuo
626 4003 834 4114 aequaliter
860 4024 1046 4115 premant
1066 4002 1109 4086 δι
1135 4000 1372 4115 quiescant
1362 4020 1469 4084 rnter
1488 4000 1556 4099 se;
1585 4007 1754 4090 manife-

178 4135 284 4218 llurn
304 4127 494 4242 estquod
514 4125 633 4211 lluidi
655 4126 931 4240 cujuscunque
952 4127 1093 4225 GHI,
1126 4124 1242 4239 quod
1268 4125 1452 4237 undique
1480 4127 1680 4236 premitur
1701 4153 1754 4212 ae·

179 4259 367 4374 qualiter,
410 4273 543 4365 partes
574 4277 716 4337 omnes
746 4252 786 4337 se
813 4275 959 4339 mutuo
992 4270 1186 4364 premunt
1212 4250 1433 4364 aequaliter,
1469 4249 1512 4332 oa
1541 4250 1754 4363 quiescunt

178 4385 285 4468 inter
303 4381 355 4467 se.
412 4375 621 4498 QED.

240 4505 330 4609 Cas
347 4507 380 4584 6.
407 4500 535 4609 Igitur
553 4498 581 4583 fi
599 4497 773 4584 fluidum
798 4499 897 4586 illud
917 4500 959 4585 in
984 4497 1073 4584 vase
1098 4523 1183 4584 non
1209 4499 1341 4608 rigido
1360 4497 1582 4596 claudatur,
1612 4499 1656 4584 dc
1678 4529 1752 4588 un.

180 4629 307 4741 dique
334 4652 417 4711 non
444 4644 652 4737 prematur
680 4630 918 4737 aequaliter;
956 4624 1079 4711 cedet
1109 4622 1221 4710 idem
1249 4623 1443 4736 preffioni
1469 4621 1645 4724 fortiori,
1677 4651 1752 4736 per

181 4749 464 4838 definitionem
486 4747 710 4832 fluiditatis.

235 4876 328 4982 Cas
344 4897 379 4974 7.
414 4871 595 4984 ldeoquc
619 4872 664 4958 in
683 4856 774 4960 vase
802 4871 939 5082 rigigo
967 4871 1152 4980 fluidum,
1167 4896 1254 4960 non
1272 4869 1478 4960 sustinebit
1505 4865 1752 5074 preffiqnem

951 5022 977 5083 o
1007 5025 1032 5077 2
1652 5012 1752 5078 ortt-
