4312 5652
433 217 526 312 180
694 220 1227 318 PHILOSOPHIAE
1262 219 1722 320 NATURALlS

223 379 277 518 ΕΞ
302 385 558 496 M01¹1pora3
588 387 668 474 hoc
694 388 765 488 est,
801 410 846 474 ut
872 415 1029 474 errores
1056 415 1196 475 omncs
1227 391 1395 474 lineares
1423 389 1497 472 srnt
1528 409 1573 471 ut
1606 387 1765 472 orbium
1792 385 2039 480 diametri,

250 483 398 528 ‘'⁸⁰⁸⁰''
432 513 639 618 angulares
657 539 758 597 vero
776 513 916 609 iidem,
943 514 1014 625 qui
1034 515 1159 623 prius,
1189 513 1231 596 δι
1251 539 1436 598 errorum
1462 513 1673 597 linearium
1701 510 1907 609 srmilium,
1945 516 2035 598 vel
2118 596 2120 605 ,

427 637 676 744 angularium
697 639 910 750 aequalium
931 658 1115 747 tempora
1135 659 1178 722 ut
1202 639 1364 722 orbium
1384 659 1568 747 tempora
1588 637 1810 745 periodica.
2059 643 2064 654 '

481 761 608 843 Corol.
630 769 689 844 16.
717 760 895 856 Unde,s1
915 761 1065 846 dentur
1088 763 1250 846 orbium
1271 762 1414 846 formae
1435 761 1477 844 δι
1499 763 1708 848 inclinatio
1728 762 1780 845 ad
1804 762 2031 860 invicem,
2138 787 2139 882 ι

424 883 468 966 &
494 903 703 969 mutentur
734 905 943 996 utcunque
972 911 1194 994 corporum
1221 883 1535 996 magnitudines,
1568 886 1671 968 vires
1699 883 1742 966 &
1765 885 2024 974 dillantiae;
2138 885 2139 892 ‘

424 1031 478 1092 ex
497 1009 601 1093 datis
628 1007 900 1094 erroribus&
935 1035 1120 1094 errorum
1153 1010 1404 1121 temporibus
1431 1010 1584 1095 inuno
1613 1007 1718 1104 casu,
1745 1009 1888 1115 colligi
1908 1009 2019 1118 pos-

423 1128 516 1216 sunt
535 1159 692 1218 errores
717 1131 760 1216 δι
780 1158 966 1218 errorum
988 1153 1173 1244 tempora
1192 1135 1234 1218 in
1253 1135 1331 1218 alio
1349 1131 1510 1246 quovis,
1536 1157 1661 1244 quarn
1681 1132 1901 1242 proxime:
1929 1131 2016 1216 sed
2137 1156 2138 1164 ‘

425 1255 587 1340 brevius
605 1259 679 1341 hac
699 1254 912 1339 methodo.
973 1253 1095 1341 Vires
1117 1257 1170 1340 N
1173 1257 1239 1356 M,
1272 1257 1330 1338 M
1336 1255 1390 1354 L,
1417 1255 1576 1339 caeteris
1604 1254 1808 1350 stantibus,
1836 1253 1933 1336 sunt
1956 1275 2013 1340 ut

425 1379 560 1466 radius
587 1380 695 1480 TP,
722 1378 765 1464 δι
794 1381 936 1465 harum
959 1377 1125 1467 effecius
1151 1379 1354 1492 periodici
1394 1383 1486 1490 (per
1512 1383 1638 1464 corol.
1666 1409 1703 1464 2.
1737 1380 1831 1464 lem.
1856 1389 1924 1493 x.)
1955 1399 2008 1462 ut

425 1507 547 1606 vires,
573 1503 616 1590 dc
636 1503 880 1619 quadratum
904 1507 1099 1616 temporis
1124 1504 1325 1617 periodici
1349 1505 1535 1617 corporis
1554 1505 1598 1590 P
1616 1503 1878 1613 conjuntiim.
1939 1502 2007 1590 Hi

427 1627 518 1718 sunt
538 1655 696 1715 errores
715 1629 883 1716 lineares
902 1633 1086 1742 corporis
1113 1635 1181 1727 P;
1212 1629 1255 1714 δι
1275 1630 1369 1716 hinc
1389 1655 1548 1716 errores
1572 1633 1778 1742 angulares
1796 1652 1819 1710 e
1848 1649 2004 1714 centro

425 1754 642 1869 Tspeciati
663 1753 815 1860 (idest,
843 1772 923 1838 tam
945 1771 1081 1840 motus
1098 1753 1265 1866 augis&
1287 1754 1508 1854 nodorum,
1536 1778 1659 1866 quarn
1681 1776 1822 1838 omnes
1843 1753 1888 1836 in
1909 1755 2001 1838 lon·

426 1881 658 1994 gitudinem
686 1878 730 1963 δι
759 1879 1014 1966 latitudinem
1042 1906 1200 1966 errores
1225 1887 1482 1992 apparentes)
1516 1879 1620 1978 sunt,
1655 1881 1698 1964 in
1724 1878 1909 1992 qualibet
1938 1907 1998 1964 re·
2135 1875 2142 1914 '³

426 2007 640 2095 volutione
670 2004 856 2116 corporis
892 2005 950 2106 P,
990 2026 1036 2092 ut
1063 2006 1308 2120 quadratum
1341 2005 1538 2116 temporis
1575 2001 1840 2090 revolutionis
1871 2027 1997 2116 quam

426 2129 628 2248 proxime.
683 2127 995 2242 Conjungantur
1023 2130 1088 2220 hae
1109 2133 1284 2220 rationes
1313 2153 1410 2218 cum
1431 2128 1653 2218 rationibus
1679 2127 1883 2214 corollarii
1902 2155 1997 2218 xrv.

353 3553 357 3560 ·
426 3519 472 3607 dc
501 3521 544 3607 in
569 3515 755 3630 quolibet
778 3535 1002 3626 corporum
1031 3511 1080 3611 T,
1107 3512 1165 3615 P,
1194 3514 1225 3596 S
1250 3512 1473 3627 systemate,
1502 3516 1577 3603 ubi
1604 3519 1647 3604 P
1676 3519 1833 3607 circum
1858 3519 1900 3606 T
1922 3520 1997 3608 srbi

425 3643 717 3754 propinquum,
744 3634 787 3720 δι
812 3636 853 3720 T
871 3638 1028 3720 circum
1057 3638 1379 3751 Slonginquum
1405 3645 1641 3744 revolvitur,
1680 3670 1838 3732 errores
1868 3673 1995 3756 angu-

425 3767 527 3849 lares
547 3761 730 3872 corporis
750 3760 807 3855 P,
835 3757 889 3840 de
911 3777 1056 3842 centro
1078 3755 1381 3872 Tappatentes,
1416 3785 1549 3866 erunt,
1583 3768 1627 3853 in
1649 3767 1809 3879 lingulis
1833 3774 1994 3857 revolu-

426 3886 606 3974 tionibus
632 3883 816 3994 corporis
834 3883 937 3967 illius
965 3883 1023 3981 P,
1049 3902 1095 3968 ut
1110 3886 1350 3997 quadratum
1372 3891 1567 4002 temporis
1586 3893 1791 4002 periodici
1806 3900 1993 4009 corporis

426 4013 471 4102 P
490 4009 644 4100 direcie
670 4005 979 4118 &quadratum
1003 4009 1198 4118 temporis
1224 4013 1425 4122 periodici
1454 4018 1635 4127 corporis
1655 4017 1879 4104 Tinverse.
1933 4019 1991 4106 Et

424 4139 523 4228 inde
545 4154 682 4222 motus
716 4131 876 4217 medius
907 4134 1019 4244 augis
1050 4133 1128 4218 erit
1153 4136 1196 4221 in
1228 4135 1321 4222 data
1349 4139 1506 4226 ratione
1535 4139 1587 4226 ad
1618 4161 1778 4228 motum
1803 4145 1991 4230 medium

425 4264 662 4358 nodorum
692 4255 734 4342 &
761 4278 1094 4370 motus-uterque
1111 4260 1188 4344 erit
1208 4281 1253 4344 ut
1282 4282 1441 4372 tempus
1462 4263 1718 4372 periodicnm
1740 4270 1925 4379 corporis
1948 4274 1992 4356 P

423 4388 578 4476 diredie
607 4384 650 4468 &
676 4382 916 4494 quadratum
942 4384 1135 4494 temporis
1162 4384 1363 4494 periodici
1391 4389 1575 4497 corporis
1612 4389 1653 4472 T
1676 4391 1844 4477 inverse.
1900 4398 1992 4480 Au-

424 4509 562 4625 gendo
588 4509 656 4594 vel·
677 4506 902 4590 minuendo
925 4506 1276 4593 excentricitatem
1306 4507 1349 4592 δι
1380 4510 1684 4596 inclinationem
1709 4516 1818 4599 orbis
1844 4515 1993 4600 PAR

417 4665 507 4746 ‚non
526 4654 732 4720 mutantur
760 4650 894 4718 motus
914 4631 1026 4748 augis
1053 4629 1096 4714 δι
1120 4632 1333 4720 nodorum
1352 4632 1598 4736 lenfibiliter,
1626 4639 1699 4728 nist
1725 4641 1797 4728 ubi
1827 4643 2001 4736 eaedem.

423 4768 514 4858 lunt
540 4762 659 4852 nimis
678 4783 853 4872 magne..

1853 5029 1996 5118 daran
