4312 5652
408 249 519 344 174
663 181 1201 316 ruinosorrrrn
1244 211 1703 314 urrunnun

411 713 417 724 .
448 646 685 732 uadraturis.

417 674 445 762 q
473 775 601 859 Corol.
621 803 659 878 4.
696 769 844 858 Orbita
862 771 1048 881 corporis
1069 771 1130 868 P,
1153 769 1312 854 oeteriu
1340 768 1518 880 puribun
1539 769 1710 853 curvior
1736 765 1795 852 est
1819 767 1865 852 ‘m
1892 792 1999 880 qoa-

414 895 595 983 drrturis
613 921 737 1009 quam
754 898 799 982 in
825 895 1115 1004 conjunctione
1138 891 1183 978 dr
1205 892 1474 1006 oppositione.
1541 896 1646 978 Nem
1674 917 1852 1002 corpora
1877 893 1996 977 velo·
2136 877 2137 898 ¹

412 1021 532 1105 ciore
559 1019 691 1104 minus
724 1018 948 1106 defledunt
974 1046 998 1102 a
1028 1017 1141 1104 redo
1167 1019 1342 1104 tramite.
1396 1015 1452 1102 Et
1475 1039 1673 1130 preterea
1694 1016 1756 1100 uis
1779 1016 1829 1099 K
1838 1013 1900 1111 L,
1927 1017 1994 1102 vel
2136 1037 2137 1108 t

418 1141 544 1242 ΝΜ,
567 1141 611 1228 in
631 1141 918 1252 conjunstione
943 1140 987 1224 dr
1006 1141 1263 1254 oppositione
1283 1143 1487 1228 contraria
1512 1139 1570 1226 est
1593 1140 1648 1237 vi,
1674 1163 1754 1250 qua
1782 1163 1938 1249 corpur
1956 1139 2002 1226 T

413 1262 542 1350 trahit
572 1292 723 1378 corpus
746 1267 817 1364 P,
845 1265 1026 1378 ideoque
1052 1267 1137 1350 vim
1163 1266 1271 1350 ilium
1296 1265 1472 1362 minuitr
1512 1287 1662 1374 corpur
1683 1281 1823 1348 autem
1848 1263 1896 1346 P
1917 1263 1986 1348 mi·

412 1414 493 1478 uus
507 1389 704 1477 deflectet
731 1419 755 1475 a
773 1390 888 1476 redo
905 1391 1080 1488 tramite,
1105 1391 1177 1476 uui
1188 1393 1323 1478 minus
1342 1410 1511 1500 urgetur
1531 1388 1575 1472 in
1593 1415 1744 1502 corpus
1761 1387 1809 1471 T.

475 1515 601 1600 Corrl.
622 1544 658 1620 5.
685 1513 810 1601 Unde
832 1541 983 1628 eorpus
1009 1517 1066 1613 P,
1093 1516 1251 1602 caeteris
1278 1517 1452 1628 peribus,
1479 1515 1640 1625 longius
1667 1512 1838 1602 recedet
1855 1540 1880 1598 a
1898 1539 1988 1600 cor·

413 1665 520 1760 pore
544 1641 587 1726 T
606 1641 649 1726 in
674 1641 945 1755 quadraturis,
967 1667 1098 1756 quum
1123 1642 1167 1730 in
1185 1643 1476 1752 conjundione
1493 1642 1537 1726 dt
1555 1641 1823 1754 oppofitione
1879 1637 1989 1726 Hoc

416 1765 473 1851 itt
499 1765 541 1852 se
568 1765 718 1854 habent
738 1767 905 1854 excluso
930 1789 1050 1854 motu
1078 1770 1407 1856 excentrieitatit.
1462 1767 1570 1854 Nam
1600 1767 1782 1852 fiorbitt
1804 1767 1987 1877 corporis
2136 1795 2137 1844 t

415 1889 464 1974 P
481 1892 718 1976 excentrica
739 1890 804 1990 fit,
830 1893 1113 1980 excentricitas
1132 1893 1215 2002 ejus
1247 1895 1312 1996 (ιιι
1336 1919 1433 1978 mox
1452 1893 1631 2004 inhujus
1649 1892 1778 1978 corol.
1797 1919 1834 1998 9.
1855 1892 1985 1977 ossen-
2136 1919 2137 1926 ¹

413 2011 562 2118 detur)
595 2013 743 2098 evadet
772 2015 948 2101 naxinn
975 2015 1047 2102 ubi
1076 2017 1230 2128 npfides
1259 2016 1348 2103 sunt
1378 2018 1421 2104 in
1455 2017 1653 2130 syzygiis3
1692 2015 1875 2128 indeque
1899 2015 1986 2104 stri
2134 2023 2135 2028 ‘

415 2131 553 2245 potest
574 2151 619 2218 ut
639 2158 790 2250 corpus
816 2139 874 2238 P,
907 2138 961 2224 od
981 2139 1160 2251 apsidem
1187 2141 1386 2228 summam
1414 2143 1630 2256 appellum,
1663 2139 1760 2228 driu
1787 2141 1987 2254 longiore
2134 2159 2135 2250 g

411 2259 655 2372 corporeT
662 2261 708 2350 in
726 2261 895 2378 syzygiis
913 2267 1098 2380 quanin
1125 2268 1393 2382 quadraturis.
2134 2277 2135 2280 ‘

477 3653 608 3740 coror.
625 3657 665 3735 6.
707 3651 920 3763 Quonirm
940 3655 1001 3745 vir
1028 3661 1255 3772 centripeta
1283 3659 1470 3774 emporis
1500 3659 1688 3746 centralis
1717 3659 1765 3764 T,
1797 3689 1883 3780 qur
1903 3693 1994 3754 cor·

425 3800 502 3887 pur
525 3775 570 3858 P
591 3774 793 3858 retinetur
811 3777 855 3860 in
873 3775 976 3862 orbe
1001 3778 1091 3879 suo,
1116 3803 1288 3891 rugettu
1305 3785 1348 3870 in
1375 3784 1630 3899 qurdrrturir
1643 3809 1719 3898 per
1738 3787 1993 3881 additionem
2135 3741 2137 3892 i

428 3901 487 3984 uis
515 3895 630 3992 LM,
667 3921 714 3980 uc
741 3897 981 3986 diminuitur
1008 3903 1050 3986 in
1081 3903 1253 4018 syzygiis
1276 3933 1350 4018 per
1380 3910 1624 3997 ablationem
1652 3913 1714 3998 vis
1740 3915 1789 3999 K
1791 3915 1847 4016 L,
1868 3917 1916 4003 dc
1938 3923 1993 4006 ob

427 4019 752 4134 magnitudinem
779 4023 839 4108 vit
864 4023 911 4108 K
915 4023 969 4124 L,
997 4028 1123 4138 magis
1150 4029 1392 4118 diminuitur
1407 4059 1532 4147 quam
1552 4057 1749 4146 rugeturr
1781 4043 1993 4131 estoutem

429 4151 490 4233 uis
510 4149 574 4232 illa
593 4145 823 4256 centripetn
852 4150 944 4260 (per
970 4153 1096 4236 corni.
1121 4177 1157 4236 ι.
1187 4179 1304 4267 prop.
1329 4164 1410 4270 ιι.)
1440 4159 1483 4244 in
1513 4161 1673 4246 ratione
1690 4168 1915 4278 cotnpofita
1940 4196 1997 4254 ex

433 4274 591 4356 ratione
610 4267 780 4380 srmoiici
796 4271 899 4357 rodii
926 4271 963 4356 Ὶ
970 4273 1014 4356 P
1034 4273 1190 4364 directe
1214 4278 1258 4364 dr
1284 4280 1442 4366 ratione
1468 4283 1671 4394 duplicata
1699 4292 1896 4402 temporis
1922 4319 1997 4406 pe-

433 4392 582 4478 riodici
610 4392 787 4478 inverie:
817 4413 928 4505 potet
947 4397 1269 4488 onerationem
1290 4404 1555 4516 compostum
1574 4407 1748 4497 diminui
1773 4439 1848 4526 per
1869 4416 1998 4500 adio-

433 4541 530 4604 nem
548 4515 607 4599 vis
632 4515 677 4598 K
685 4515 751 4616 L,
780 4519 959 4634 ideoque
989 4542 1149 4638 tempus
1172 4528 1447 4640 periodicum,
1473 4531 1503 4616 sr
1531 4556 1690 4620 maneat
1720 4539 1831 4626 orbis
1857 4544 1999 4631 radius

433 4640 538 4739 TP,
565 4641 716 4749 augeri,
751 4643 877 4758 idque
904 4645 948 4732 in
972 4647 1249 4764 subdopiicata
1275 4662 1444 4754 ratione,
1482 4683 1563 4770 qua
1587 4659 1647 4743 vit
1675 4661 1740 4746 illa
1765 4668 1998 4780 centripeta

432 4767 703 4854 diminuitur:
738 4773 940 4886 nudoque
965 4773 1066 4862 ideo
1090 4779 1157 4863 vel
1183 4775 1388 4866 diminuto
1410 4782 1490 4866 hoc
1518 4785 1648 4882 radio,
1675 4807 1836 4899 ternpus
1856 4797 1998 4906 perio-

432 4895 576 4984 dicunt
599 4896 740 5008 augeri
760 4897 900 5008 mugit,
924 4901 990 4987 vei
1015 4899 1190 4992 diminui
1209 4905 1340 4994 minus
1359 4929 1481 5019 quum
1506 4909 1549 4998 iu
1575 4911 1678 4999 radii
1699 4914 1815 5026 hujus
1834 4923 1999 5011 ratione

1849 5041 1996 5159 sesqui·
