4338 5656
393 243 1424 356 nntnornrnntnruentnrton.
1620 238 1720 359 465

169 462 221 541 90
245 428 433 542 gradibus
457 426 602 511 distant
625 451 646 505 a
665 421 762 518 sole,
791 419 868 504 five
887 419 1019 502 elevet
1041 415 1213 500 eandem
1235 413 1277 494 in
1300 407 1533 516 regionibus
1554 404 1623 488 lub
1646 403 1728 487 sole
1745 401 1943 544 Tffi‘lgs

171 556 214 641 dt
232 557 305 640 loli
327 552 532 665 oppositis,
559 551 644 632 haee
675 547 827 628 summa
858 546 935 628 erit
963 564 1050 625 tota
1075 540 1165 622 solis
1186 539 1244 621 vis
1265 537 1316 620 ad
1342 561 1451 619 mare
1472 533 1730 642 agitandum

170 679 409 765 &eundem
430 667 815 766 babebiteffetlum,
848 695 894 752 ac
920 666 947 750 fi
969 687 1054 749 tota
1075 665 1115 747 in
1137 662 1369 770 regionibus
1395 659 1466 743 sub
1493 658 1573 742 sole
1596 657 1639 740 δε
1663 654 1735 740 soli

168 804 361 917 opposrtis
376 827 485 886 mare
501 800 690 891 elevaret,
717 796 759 878 in
780 792 1012 902 regionibus
1034 809 1170 873 autem
1191 811 1283 896 quae
1303 814 1355 891 90
1375 785 1564 894 gradibus
1587 783 1733 868 distant

170 959 192 1014 a
211 929 293 1013 sole
314 927 370 1011 nil
392 944 542 1034 ageret.

225 1049 334 1137 Haec
360 1049 417 1132 est
445 1050 503 1131 vis
529 1046 619 1130 solis
648 1044 698 1128 ad
732 1070 842 1127 mare
865 1039 1058 1124 ciendum
1084 1039 1126 1122 in
1148 1038 1243 1120 loeo
1270 1036 1414 1148 quovis
1440 1035 1553 1130 dato,
1580 1033 1651 1118 ubi
1676 1032 1734 1122 sol

171 1197 255 1260 tam
277 1179 320 1258 in
342 1171 496 1256 vertice
520 1171 601 1253 loci
634 1167 811 1250 versatur
832 1189 954 1276 quam
981 1163 1021 1244 in
1049 1160 1250 1244 mediocri
1276 1161 1343 1242 l'ua
1363 1157 1545 1242 distantia
1572 1178 1731 1242 atetra.

169 1301 215 1384 ln
235 1300 319 1383 aliis
344 1297 432 1380 solis
450 1292 715 1404 positionibus
737 1292 795 1372 vis
819 1288 870 1371 ad
891 1310 1001 1368 mare
1019 1283 1288 1369 attollendum
1315 1281 1372 1364 est
1401 1301 1446 1364 ut
1470 1282 1572 1364 finus
1599 1281 1735 1362 versus
1813 1375 1814 1378 p

170 1426 305 1535 duplae
327 1419 550 1506 altitudinis
570 1417 661 1500 solis
686 1415 802 1524 supra
826 1410 1087 1495 horizontem
1107 1408 1189 1490 loci
1210 1401 1363 1489 diretle
1382 1405 1423 1488 or
1447 1407 1574 1490 cubus
1593 1403 1738 1490 distan-

171 1550 238 1636 tiae
264 1547 354 1631 solis
383 1565 533 1628 eterra
553 1539 689 1624 inverl
714 1605 721 1620 .
1679 1601 1681 1604 ,

225 1672 351 1756 Coral.
380 1667 491 1750 Cum
517 1665 578 1748 vis
602 1661 829 1770 centrifuga
853 1657 1029 1768 partium
1057 1675 1177 1740 terrae
1198 1683 1219 1737 a
1240 1655 1389 1740 diurno
1410 1675 1529 1738 terrae
1553 1671 1670 1738 motu
1692 1681 1739 1737 o·

171 1795 329 1890 munda,
357 1817 450 1904 quae
470 1787 527 1872 est
553 1786 604 1870 ad
630 1785 713 1868 vim
743 1783 948 1892 gravitatis
972 1802 1018 1863 ut
1053 1807 1070 1860 r
1100 1780 1150 1862 ad
1178 1779 1271 1884 289,
1299 1776 1451 1862 efficiat
1483 1799 1528 1861 ut
1559 1779 1734 1862 altitudo

172 1945 285 2032 aquae
304 1916 375 2000 snb
394 1930 599 2023 aequatore
617 1907 778 2018 superet
797 1905 881 2013 ejus
899 1904 1155 1987 altitudinem
1173 1902 1245 1986 sub
1264 1904 1365 2010 polis
1384 1902 1566 1986 mensura
1580 1903 1735 2011 pedum

173 2038 452 2148 Peristenstum
473 2035 613 2139 85472‚
640 2049 684 2116 ut
709 2028 825 2140 supra
844 2029 885 2112 in
906 2053 1020 2138 prop.
1038 2027 1130 2120 xix3
1160 2026 1219 2108 vis
1241 2023 1375 2108 solaris
1398 2026 1451 2108 de
1466 2051 1545 2136 qua
1564 2028 1735 2134 egimus,

175 2192 271 2251 cum
289 2165 334 2247 srt
351 2163 402 2245 ad
418 2162 502 2244 vim
520 2155 725 2266 gravitatis
746 2175 791 2234 ut
817 2181 835 2232 r
858 2151 910 2234 ad
936 2149 1157 2244 12868200,
1182 2169 1305 2258 atque
1334 2149 1432 2232 ideo
1456 2152 1506 2233 ad
1526 2151 1608 2234 vim
1628 2153 1734 2234 illam

174 2283 445 2392 centrifugam
462 2301 509 2364 ut
527 2279 605 2383 289
622 2276 674 2359 ad
698 2273 908 2356 12868200
928 2272 998 2354 seu
1025 2300 1042 2350 1
1063 2271 1114 2354 ad
1133 2298 1282 2375 44527,
1310 2269 1466 2355 efficiet
1492 2294 1536 2355 ut
1562 2274 1736 2358 altitudo

175 2434 290 2521 aquae
311 2407 354 2488 in
376 2401 607 2512 regionibus
623 2397 693 2480 sub
711 2394 792 2478 sole
812 2394 854 2476 δι
877 2391 949 2476 soli
969 2389 1161 2502 oppofitis
1188 2392 1348 2501 superet
1366 2393 1622 2476 altitudinem
1654 2395 1738 2503 ejus

178 2539 222 2620 in
240 2527 354 2623 locis,
377 2550 468 2635 quae
487 2551 539 2630 90
558 2519 745 2632 gradibus
766 2515 909 2600 distant
928 2543 949 2598 a
967 2514 1064 2606 sole,
1096 2514 1276 2598 mensura
1299 2535 1457 2598 tantum
1483 2517 1597 2626 pedis
1619 2519 1737 2601 unius

182 2645 417 2754 Paristensts
429 2647 471 2732 &
486 2646 710 2754 digitorum
724 2639 915 2724 undecim
931 2665 1026 2724 cum
1043 2638 1241 2724 tricesima
1262 2661 1376 2750 parte
1392 2640 1524 2750 digiti.
1542 2639 1612 2726 Est
1627 2643 1738 2728 enim

177 2775 264 2860 haec
286 2771 470 2857 mensura
488 2767 540 2854 ad
558 2764 782 2852 mensuram
802 2762 955 2872 pedum
979 2761 1108 2868 85472
1135 2784 1180 2850 ut
1212 2793 1229 2846 r
1253 2763 1303 2849 ad
1325 2791 1467 2871 44527.

188 3089 696 3234 'unorostrto
732 3127 981 3226 xxxuu.
1060 3128 1468 3224 Pnonttntn
1517 3131 1690 3232 xvtu.

351 3343 391 3514 4'
476 3361 683 3464 Invenire
705 3357 798 3459 vim
821 3360 932 3456 luna
954 3355 1021 3454 ad
1032 3395 1160 3458 mare
1182 3357 1453 3461 movendum.

234 3644 309 3733 Vis
324 3649 431 3734 lunae
446 3647 497 3733 ad
514 3669 625 3730 mare
638 3641 888 3728 movendum
906 3643 1133 3753 colligenda
1152 3644 1279 3728 estex
1297 3643 1382 3751 ejus
1401 3649 1668 3757 proportione
1681 3651 1737 3738 ad

180 3771 264 3855 vim
277 3769 380 3868 solis,
402 3769 446 3853 dt
463 3769 549 3853 haec
564 3771 780 3879 proportio
794 3768 1023 3878 colligenda
1039 3768 1096 3852 est
1115 3793 1168 3852 ex
1179 3769 1447 3878 proportione
1461 3792 1649 3859 motuum
1659 3798 1742 3862 nra·

180 3895 247 3990 ris,
265 3894 336 4006 qui
350 3893 400 3978 ab
414 3894 473 3976 bis
491 3893 643 3977 viribus
662 3892 857 3977 oriuntur.
890 3895 1002 3978 Ante
1021 3889 1166 3976 ollium
1187 3891 1302 3976 lluvii
1322 3893 1475 3976 Avonae
1494 3895 1545 3979 ad
1564 3897 1752 4008 lapidem-

181 4017 349 4100 tertium
377 4014 480 4098 infra
506 4015 749 4118 Brisloliunn
777 4037 964 4127 ternpore
996 4041 1125 4100 verno
1155 4014 1199 4098 tt
1230 4019 1449 4100 autumnali
1480 4039 1591 4104 totus
1624 4021 1757 4135 aquae‘

180 4136 361 4224 ascensus
383 4137 424 4219 in
456 4133 742 4244 conjundlione
762 4137 804 4220 dt
829 4137 1084 4249 oppositione
1109 4139 1382 4236 luminarium,
1411 4140 1650 4229 observante
1671 4149 1743 4230 Sa.

179 4260 305 4344 maele
323 4259 514 4356 Sturmio,
539 4259 598 4342 est
624 4259 778 4370 pedum
809 4261 897 4371 plus
922 4260 1054 4344 minus
1076 4287 1140 4365 45,
1167 4261 1209 4344 in
1242 4262 1496 4372 quadraturis
1526 4287 1663 4352 autem
1684 4269 1743 4354 est

180 4383 335 4494 pedum
355 4401 513 4468 tantum
536 4411 598 4487 25.
654 4383 848 4470 Altitudo
877 4384 989 4494 prior
1017 4409 1072 4468 ex
1100 4382 1253 4470 summa
1273 4387 1432 4480 virium,
1465 4389 1664 4498 posterior
1688 4419 1743 4480 ex

182 4505 404 4592 earundem
432 4503 662 4593 differentia
688 4510 831 4594 oritur.
885 4506 993 4592 Solis
1018 4509 1207 4618 igitur&
1235 4511 1342 4598 lunae
1363 4515 1405 4596 in
1425 4537 1632 4627 aequatore
1655 4545 1744 4602 ver·

184 4627 354 4711 lentium
372 4631 415 4714 uz
440 4631 704 4717 mediocriter
722 4661 746 4717 a
764 4653 868 4717 terra
888 4630 1121 4719 distantium
1142 4635 1260 4722 sunto
1287 4635 1393 4723 uires
1409 4637 1439 4722 S
1455 4635 1501 4724 δι
1520 4639 1575 4741 L,
1601 4639 1646 4724 dc
1663 4645 1744 4731 erit

186 4747 310 4860 L·l-S
330 4751 382 4838 ad
401 4751 525 4840 L-s
542 4775 588 4841 ut
609 4781 660 4863 45
681 4756 732 4843 ad
752 4784 818 4862 25,
845 4753 913 4844 seu
936 4784 959 4862 9
981 4757 1031 4840 ad
1053 4785 1089 4859 5.
1390 4751 1395 4758 ’

968 4879 1102 4970 Ooo
1700 4891 1746 4983 ln
