4450 5674
883 229 1465 332 AUCTORIS

392 425 442 486 cs
464 395 520 482 ab
548 413 690 480 motum
715 393 833 504 vago
858 397 1078 504 refermus.
1126 395 1215 514 Quo
1231 400 1351 506 senfia
1377 395 1612 486 mechanica
1642 397 1843 482 rationalis
1873 401 1972 486 eris

388 523 565 636 scientio
590 535 772 615 motuum,
803 519 874 630 qui
903 547 954 603 en
986 519 1148 604 viribus
1167 522 1456 638 quibuscunque
1478 526 1704 632 restcltont,
1735 523 1778 612 δέ
1801 528 1972 609 virium

398 677 484 764 qua
502 644 556 730 ad
580 663 706 728 motus
726 647 970 758 quoscunque
988 647 1278 761 requiruntur,
1310 668 1493 733 accurate
1516 651 1717 761 propostta
1741 680 1786 734 ac
1808 651 1971 736 demon-

386 779 535 888 strata.
591 773 705 855 Pars
720 772 801 856 hac
821 773 1068 856 mechanicae
1088 803 1114 856 a
1132 775 1337 858 veteribus
1357 777 1400 860 in
1414 777 1606 886 potentiis
1625 777 1807 888 quinque
1825 775 1882 859 ad
1892 807 1969 861 ar-

399 922 461 987 tes
477 897 677 982 manuales
690 895 967 1006 spebtantibus
984 895 1146 980 exculta
1154 899 1260 1003 fuit,
1285 901 1355 1014 qui
1367 899 1623 1008 gravitatem
1652 895 1759 1004 (cum
1768 901 1968 1008 potentia

399 1025 596 1108 manualis
625 1045 698 1124 non
718 1016 799 1124 fit)
829 1021 908 1102 vix
939 1021 1202 1132 aliter-quam
1221 1022 1263 1101 in
1272 1021 1516 1130 ponderibus
1523 1039 1606 1132 per
1627 1025 1835 1130 potentias
1863 1025 1967 1106 illas

398 1145 604 1230 movendis
627 1137 931 1246 confiderarunt.
986 1139 1075 1222 Nos
1098 1160 1229 1224 autem
1247 1169 1321 1224 nan
1339 1144 1499 1225 artibus
1514 1142 1858 1254 ftdphilosopbie.
1875 1172 1966 1228 con-

391 1269 584 1374 fillencis,
613 1265 735 1374 deque
745 1264 949 1370 potentiis
961 1289 1034 1346 uon
1053 1265 1298 1348 manualibus
1310 1267 1390 1376 fid
1399 1268 1651 1349 naturalibus
1662 1267 1895 1374 scribentes,
1914 1297 1964 1351 ea

401 1396 571 1476 maxime
589 1390 821 1486 tralbamus,
843 1415 929 1496 qua
952 1389 1009 1469 ad
1017 1390 1282 1499 gravitatem,
1310 1393 1539 1490 levitatem,
1566 1391 1651 1472 vim
1667 1391 1871 1498 clasticarn,
1897 1421 1960 1478 re·

390 1515 609 1625 sistentiam
630 1511 846 1622 fluidorum
874 1511 916 1597 {5
944 1509 1126 1620 ejusmodi
1148 1513 1263 1594 vires
1277 1516 1351 1620 seu
1370 1517 1620 1598 attrabbivas
1640 1519 1715 1622 stu
1733 1514 1962 1622 incpulstvas

393 1644 605 1752 spoliant:
642 1639 704 1721 Et
738 1664 784 1720 aa
799 1652 986 1747 propter,
1023 1633 1102 1717 hac
1120 1636 1247 1744 nostra
1277 1655 1465 1750 tanquam
1484 1638 1738 1748 philosophie
1748 1641 1962 1752 principia

403 1767 684 1850 mathematica
712 1765 976 1872 proponimus.
1033 1761 1171 1841 Omnis
1191 1766 1295 1841 enim
1324 1761 1578 1870 philosophia
1613 1761 1827 1870 difficultas
1850 1766 1892 1845 in
1921 1793 1962 1848 ea

404 1893 567 1998 versesri
583 1887 768 1982 'videtum
795 1903 840 1968 nt
865 1915 890 1967 a
903 1884 1171 1995 phoenomenis
1190 1901 1355 1966 motuum
1370 1883 1645 1996 investigemus
1660 1887 1774 1968 vires
1793 1903 1962 1986 natare,

403 2013 542 2096 deiude
555 2014 607 2096 ab
623 2013 687 2094 his
702 2009 864 2093 viribus
880 2009 1171 2119 demonstremus
1181 2008 1434 2118 phanomena
1463 2011 1632 2117 reliqua.
1687 2010 1749 2090 Et
1769 2011 1843 2092 huc
1851 2013 1962 2122 spec·

404 2158 499 2224 tant
508 2137 795 2250 propofitianes
807 2138 1025 2248 generales,
1050 2162 1149 2246 quas
1180 2133 1281 2216 libro
1300 2135 1435 2241 primo
1455 2132 1497 2218 {⁸²5
1509 2135 1675 2241 secundo
1687 2139 1962 2242 pertrabbavi-¹

404 2293 501 2350 mus.
556 2264 607 2346 In
637 2264 738 2345 libro
755 2281 885 2346 autem
905 2264 1027 2346 tertio
1047 2261 1264 2369 exemplum
1279 2257 1399 2368 bccjus
1422 2260 1487 2341 rei
1501 2259 1777 2368 proposuimus
1793 2275 1868 2368 per
1894 2291 1961 2345 ess·

395 2389 656 2500 plicationem
675 2386 895 2496 sistematis
926 2385 1123 2470 mundani.
1152 2385 1216 2465 Ibi
1235 2386 1350 2477 enine,
1381 2411 1438 2464 ess
1452 2381 1718 2492 phanomenis
1741 2385 1964 2495 coelestibus,

393 2532 478 2626 per
489 2511 772 2624 prosposttiones
799 2513 842 2594 in
865 2511 983 2592 libris
996 2507 1210 2619 prioribus
1233 2504 1507 2588 mathematice
1535 2504 1828 2617 demonstratas,
1856 2509 1962 2592 deri·

403 2655 560 2738 vamur
578 2635 692 2718 vires
709 2637 956 2746 gravitatis,
977 2633 1119 2746 quibus
1137 2649 1297 2741 corpora
1317 2630 1373 2714 aa
1383 2634 1507 2740 solem
1536 2631 1578 2718 [h
1590 2631 1957 2744 planetosstngulos

404 2760 585 2842 tendunt.
628 2757 792 2841 Deinde
809 2787 860 2842 ex
874 2757 938 2840 his
951 2756 1113 2840 viribus
1121 2753 1493 2866 perproposttiones
1511 2757 1632 2840 etiam
1650 2755 1963 2856 mathematicas,

404 2881 651 2965 deducuntur
666 2898 789 2962 motus
801 2882 1080 2989 planetarum,
1115 2897 1361 2974 cometarum,
1399 2878 1501 2960 lune
1533 2877 1574 2965 ὅ
1602 2881 1738 2960 maris.
1792 2878 1963 2964 Utinam

405 3022 552 3090 cetera
568 3018 721 3086 natura
730 3003 984 3114 phanomeua
1004 3031 1055 3084 esc
1060 3002 1286 3112 principiis
1298 3001 1533 3084 mechanicis
1550 2999 1677 3083 eodem
1691 3021 1965 3112 argumentan-

406 3127 450 3212 di
462 3154 610 3243 genere
623 3127 813 3210 ter-iocre
837 3131 989 3212 liceret.
1019 3127 1129 3210 Nam
1141 3124 1268 3208 msclta
1281 3154 1339 3210 me
1362 3143 1535 3220 movent,
1573 3143 1620 3206 ut
1636 3125 1821 3206 nonnihil
1833 3130 1965 3239 strspi·

363 3351 366 3356 ¹
406 3280 474 3338 cer
497 3283 544 3338 ea
570 3254 699 3336 amnia
720 3251 773 3335 esc
797 3254 959 3337 viribus
987 3249 1211 3365 quibustlam
1233 3250 1413 3361 pendere
1437 3253 1552 3360 poffc,
1593 3247 1734 3356 quibus
1767 3265 1966 3358 corporum

397 3376 620 3488 particula
635 3395 717 3488 per
739 3381 874 3486 carufas
894 3375 1058 3460 noudum
1077 3378 1254 3488 cognitas
1272 3377 1344 3456 vel
1361 3377 1404 3456 in
1417 3377 1465 3482 sc
1489 3389 1620 3456 mutuo
1645 3369 1965 3480 impelluntur&

397 3501 608 3609 ficundum
612 3501 772 3609 figuras
786 3505 990 3613 regulares
1008 3501 1218 3596 coherent,
1245 3503 1319 3583 vel
1329 3498 1378 3580 ab
1398 3499 1779 3604 invicemfugantnr
1803 3493 1845 3581 fib
1864 3523 1968 3579 rece.

409 3625 530 3716 dunt:
562 3625 703 3734 quibus
718 3626 880 3706 viribus
894 3628 1055 3736 ignotis,
1076 3621 1300 3730 philosophi
1317 3621 1503 3700 habimus
1517 3636 1701 3700 naturam
1712 3618 1969 3722 frustratru-

410 3765 565 3832 tarunt.
622 3747 742 3857 Spero
766 3763 895 3830 autem
923 3747 1026 3860 quob
1040 3747 1111 3829 vel
1135 3744 1227 3826 buic
1245 3740 1548 3853 philosophandi
1579 3740 1696 3839 modo,
1722 3745 1795 3826 vel
1814 3747 1969 3830 veriori

369 3871 548 3991 ...flabit
567 3871 780 3980 principia
802 3870 865 3951 bic
874 3871 1006 3982 postca
1026 3871 1148 3952 lucem
1162 3871 1338 3981 aliquam
1351 3853 1616 3976 prebebunt*

428 3985 518 4076 '''In
547 3991 612 4074 his
643 3993 813 4090 edendis,
838 3996 911 4077 vir
930 3993 1165 4100 acutifflrnus
1185 3991 1227 4078 (5
1259 3995 1302 4073 in
1336 3991 1437 4074 omrai
1469 3993 1683 4072 literarum
1705 4017 1851 4102 genere
1884 4018 1970 4073 ern·

413 4113 621 4220 ditifflrnus
640 4113 881 4203 Edmundus
905 4117 1086 4202 Helleius
1108 4136 1265 4228 operam
1287 4115 1478 4210 navavit,
1508 4139 1575 4194 nec
1598 4115 1728 4222 solum
1749 4112 1970 4222 typotheta-

414 4239 742 4348 rnmsphalmaca
767 4249 945 4326 correxit
965 4242 1007 4331 fib
1018 4242 1223 4350 schemata
1253 4239 1377 4323 incidi
1397 4241 1575 4334 curavit,
1593 4237 1673 4346 fid
1689 4239 1810 4350 etiam
1834 4239 1974 4322 aubbar

405 4361 512 4464 sicit,
544 4379 590 4444 ut
616 4362 750 4446 horum
780 4364 986 4452 editionem
1006 4365 1254 4479 aggrederer.
1311 4361 1469 4479 Quippe
1498 4388 1583 4444 cum
1615 4359 1910 4468 demonstratam
1949 4390 1975 4444 a

414 4508 474 4562 mc
483 4480 659 4592 figuram
678 4487 828 4582 orbium
849 4488 1048 4598 coslqbium
1068 4491 1373 4599 impetraverat,
1388 4510 1527 4596 rogare
1547 4511 1619 4565 non
1633 4481 1798 4591 aspicis,
1819 4501 1866 4564 ut
1884 4509 1974 4564 earc-

403 4595 503 4682 'dem
523 4631 606 4685 cum
621 4604 832 4690 Societate
854 4595 997 4718 Regali
1016 4611 1347 4702 communicarem,
1363 4633 1447 4718 qne
1461 4604 1600 4686 deinde
1614 4601 1839 4686 hortatibus
1854 4603 1895 4690 ὕ
1913 4603 1974 4684 be·

416 4725 550 4836 teignis
575 4730 666 4836 suis
684 4733 871 4843 auspiciis
888 4735 1034 4843 efficit,
1065 4753 1110 4818 ιιι
1129 4737 1175 4818 de
1201 4732 1331 4818 eadem
1351 4733 1393 4812 in
1427 4733 1550 4811 lucem
1568 4725 1783 4812 emittenda
1800 4726 1977 4841 cogitare

417 4850 641 4962 inciperem.
699 4857 762 4942 Ac
786 4854 987 4970 postquam
1012 4877 1181 4948 motuum
1208 4857 1410 4944 lunarium
1439 4855 1740 4966 inequalitates
1779 4858 1977 4968 aggresus

1860 4984 1979 5085 esem,
