4450 5674
724 335 1283 456 rnnrnrro

56 555 71 586 ⁹
215 530 406 644 objefli'o,
435 525 573 642 siquis
598 518 748 608 dixerit
768 517 935 604 eosdem
962 537 1098 602 motus
1118 543 1193 628 per
1210 509 1606 628 vorticesertpss'cari
1621 507 1799 602 cleb'eter

217 657 370 746 etiamst
398 654 441 740 id
460 652 548 738 fieti
567 644 678 764 polle
699 646 764 729 vel
783 645 960 729 maxime
981 641 1307 728 concellerimus.
1364 641 1459 726 Non
1481 662 1618 728 autern
1637 665 1786 726 conce·

218 785 373 868 dimus:
403 793 613 891 nequeunt
632 770 743 856 enim
762 769 844 853 ullo
861 763 978 877 paolo
996 767 1269 877 phaenomena.
1283 790 1356 878 per
1374 767 1551 850 vortices
1570 765 1762 878 explicari
1776 791 1800 854 s·

219 907 336 1022 quod
356 905 405 989 ab
424 899 588 988 auclore
608 895 746 983 nostro
767 891 930 978 abunde
954 891 1122 1006 quidem
1144 890 1188 975 &
1206 890 1425 976 elariffimis
1441 893 1663 982 rationibus
1677 891 1790 974 evin·

223 1038 356 1126 eitun
380 1049 426 1113 ut
445 1026 595 1113 somnis
623 1025 713 1135 plus
733 1043 854 1132 aequo
880 1019 1118 1128 indulgeant
1134 1037 1337 1128 oporteat,
1366 1020 1435 1132 qui
1451 1017 1699 1128 inepriffi-mo
1716 1015 1792 1124 fig-

224 1179 367 1248 mento
391 1149 670 1247 resarciendo,
704 1141 901 1258 novisque
927 1168 1053 1256 porro
1087 1145 1333 1229 commentis
1364 1145 1549 1231 ornando
1582 1143 1806 1228 infelice-ms

222 1310 394 1401 operam
413 1278 635 1364 addicunt..

281 1411 324 1498 Si
344 1431 517 1520 corpora
538 1402 790 1514 planetarum
803 1391 849 1481 &
866 1393 1248 1486 cometarum-circa
1262 1391 1385 1479 solem
1407 1391 1641 1482 deferantur
1660 1423 1684 1481 a
1701 1417 1805 1480 vor-'-

228 1537 395 1630 tieibusa
431 1541 598 1640 oportet
619 1543 795 1632 corpora
829 1515 1036 1621 delata-2&
1057 1520 1264 1604 vorticum
1292 1538 1425 1630 partes
1454 1521 1642 1632 proxime
1670 1519 1795 1606 ambr:

229 1684 344 1748 entes
361 1647 740 1744 eademvelocitate
760 1643 988 1766 eademque
1012 1643 1149 1730 cursus
1175 1645 1518 1748 determinatione
1548 1648 1720 1744 moveri,
1750 1643 1807 1731 δι’

227 1787 402 1876 eandem
430 1781 581 1868 habere
612 1770 853 1860 densrtatem
885 1773 952 1856 vel
978 1771 1151 1866 eandem
1184 1773 1268 1858 vim
1298 1773 1458 1864 inertiae
1487 1799 1568 1886 pro
1583 1773 1694 1858 mole
1716 1797 1800 1858 ma·

230 1915 356 2000 teriae.
404 1905 574 1996 Constat
601 1925 703 1986 vero
729 1901 907 2011 planetas
933 1895 977 1985 δε
997 1918 1190 2000 cometas,
1220 1899 1320 1991 dum
1348 1899 1554 1987 versa-ntur
1582 1901 1624 1984 in
1656 1897 1817 1987 iisdem

231 2036 465 2148 regionibus
497 2029 708 2124 caelorum,
733 2021 1018 2110 velocitaribus
1035 2025 1153 2110 variis
1180 2025 1371 2138 variaque
1394 2025 1531 2118 curlus
1554 2024 1802 2112 determina·

199 2259 201 2262 ,
233 2166 349 2249 tione
380 2156 552 2246 moveri.
606 2148 841 2237 Neccllario
874 2152 1012 2268 itaque
1039 2152 1246 2266 seqnitur,
1270 2172 1316 2241 ut
1343 2153 1462 2242 fluidi
1489 2153 1655 2246 celestis
1669 2170 1814 2263 partes

234 2290 328 2389 illan,
355 2313 450 2402 que
471 2283 567 2372 sunt
592 2279 644 2366 ad
665 2275 827 2372 easdem
848 2277 1092 2378 distarttiasa
1117 2279 1504 2382 sole,.revolvantur
1529 2281 1682 2366 eodem
1703 2301 1806 2366 tem*

234 2441 337 2528 pore
362 2412 405 2496 in
431 2411 565 2523 plagas
583 2402 764 2500 diversas
783 2427 880 2489 cum
900 2401 1065 2490 diversis
1093 2407 1413 2500 velocioribus:
1432 2408 1586 2495 etenim
1603 2408 1677 2501 alia
1703 2431 1815 2519 opus·

235 2539 313 2623 erit
346 2529 573 2624 directione
601 2527 646 2612 δι
673 2527 915 2624 velocitate,
963 2551 1009 2614 ut
1040 2529 1207 2628 transtre
1224 2532 1375 2650 poffint
1396 2533 1591 2644 planetam
1620 2531 1720 2630 alia,
1761 2557 1821 2622 tat.

236 2664 401 2750 transrte
425 2657 577 2775 poffint
604 2671 793 2748 cometae.
850 2654 979 2770 Quod
1009 2683 1106 2752 cum
1134 2659 1328 2772 explicari
1361 2679 1562 2773 nequeata
1587 2659 1652 2746 vel
1678 2655 1818 2748 fatena-‘1w

239 2789 345 2874 dum·
368 2786 471 2884 erit,
503 2777 688 2874 universa
704 2801 879 2890 corpora
897 2781 1175 2870 celestia—non
1201 2782 1354 2871 deferri
1381 2812 1404 2870 a
1429 2782 1596 2872 materia
1616 2783 1825 2881 vorticis;;

239 2917 318 3000 vel·
339 2902 939 3006 dicendtmcrineorundem
970 2929 1107 3001 motus
1132 2910 1380 3024 repetendos
1413 2906 1493 3002 elle
1528 2935 1614 3004 non
1647 2909 1696 3002 ab
1724 2935 1827 3002 uno*

240 3039 473 3150 eodemque
492 3033 671 3132 vortice,
692 3031 762 3121 sed
781 3059 803 3116 a
832 3034 1013 3143 pluribus
1033 3035 1105 3151 qui
1125 3034 1175 3126 ab
1199 3035 1379 3123 invicem
1398 3035 1544 3130 diversr
1564 3034 1653 3134 fior,
1679 3035 1810 3124 idern»

240 3191 322 3280 que
347 3163 517 3280 spatium
544 3157 616 3246 soli
635 3157 1201 3272 circumjectum-pervadant.

298 3292 339 3377 Si
360 3291 495 3402 plures
521 3285 701 3376 vortices
730 3285 772 3369 in
798 3283 949 3370 eodem
976 3283 1106 3396 spatio
1142 3289 1361 3390 contineri,
1390 3287 1434 3382 &
1460 3288 1543 3378 sese
1568 3307 1716 3376 mutuo
1741 3307 1815 3395 pc·

242 3435 404 3510 netrare
439 3407 700 3518 motibusque
734 3407 899 3491 diversrs
929 3410 1087 3497 revolvi
1116 3432 1360 3523 ponanture-
1388 3414 1583 3524 quoniam
1609 3412 1651 3498 hi
1677 3425 1829 3497 motus.

244 3541 399 3638 debent
420 3533 498 3630 elle
511 3529 747 3618 conformes
772 3529 1003 3624 delatorum
1023 3555 1247 3644 corporum
1275 3533 1469 3638 motibus,
1495 3534 1567 3646 qui
1592 3533 1684 3624 sunt
1708 3531 1816 3623 snm'·

245 3694 314 3756 mc
338 3665 559 3776 regulares,
587 3657 897 3769 &peraguntur
919 3658 961 3743 in
976 3653 1219 3745 seciionibus
1238 3660 1393 3747 conicis
1411 3685 1528 3747 nunc
1538 3661 1654 3750 valde
1667 3687 1822 3748 eccen-

247 3794 381 3890 tticis,
422 3813 531 3879 nunc
570 3783 631 3868 acl
649 3783 899 3871 circulorum
937 3785 1126 3904 proxime
1155 3786 1330 3879 formam
1368 3787 1682 3886 accedentibus,
1723 3786 1835 3897 jure--¹

247 3917 517 4038 quaerendum
545 3913 638 4010 erit,
666 3910 738 4024 qui
758 3911 847 3996 fieri
874 3911 1015 4027 polin,
1037 3934 1084 4006 ut
1110 3913 1237 4000 iidem
1257 3916 1407 4027 integri
1428 3915 1719 4004 conserventur
1737 3937 1832 4000 nec·

248 4047 299 4134 ab
327 4041 550 4130 actionibus
568 4038 749 4122 materiae
774 4036 1023 4131 occursantis
1054 4063 1128 4150 per
1147 4060 1211 4128 tot
1242 4041 1384 4128 saecula
1413 4041 1638 4155 quicquam
1655 4057 1815 4150 pertur-

250 4173 410 4258 bentur.
471 4163 628 4252 Sanesr
656 4181 792 4256 motus
821 4162 863 4248 hi
885 4159 1014 4250 fictitii
1044 4165 1134 4257 sunt
1156 4169 1283 4277 magis
1302 4166 1518 4278 compofiti
1545 4164 1589 4250 δε
1609 4162 1825 4249 difficilius

250 4297 517 4410 explicantur,
545 4313 668 4406 quarn
685 4287 770 4372 veti
789 4287 846 4382 illi
862 4308 998 4376 motus
1018 4292 1270 4402 planetarum
1294 4291 1339 4381 &
1361 4311 1615 4381 cometarum
1627 4325 1647 4388 a.
1675 4289 1834 4376 frustra-⁴·

250 4422 352 4508 mihi
373 4418 566 4504 videntur
587 4416 628 4500 in
651 4411 945 4524 philosophiam
970 4415 1116 4528 recipi:
1148 4427 1280 4504 omnis
1306 4417 1417 4512 enim
1436 4416 1551 4506 causa
1578 4415 1704 4502 debet
1739 4411 1834 4499 elle*

251 4545 399 4635 effetiu
414 4545 487 4630 luo
510 4539 739 4656 srmplicior.
793 4537 993 4638 Concella
1020 4541 1245 4631 fabularum
1265 4545 1444 4643 licentia,
1470 4539 1734 4631 affirmaverit
1751 4541 1821 4626 ali*

254 4675 343 4784 quis
368 4673 546 4783 planetas
582 4693 724 4753 omnes
750 4665 794 4760 δε
822 4686 1005 4760 cometas
1039 4667 1311 4780 circumcingi
1333 4667 1621 4781 atmolphaetis,
1648 4667 1836 4754 adinllar·

256 4795 407 4880 telluris
434 4793 617 4892 nosttaea
642 4818 736 4905 quae
766 4792 1197 4906 quidem-hypothesrs
1216 4796 1369 4881 rationi
1393 4804 1519 4907 magis
1551 4794 1838 4881 consentaneas.

256 4921 465 5010 videbitur
494 4919 876 5035 quamhppotlrefis
901 4921 1126 5010 vorticum
1178 4919 1468 5014 Affirmavetit
1489 4921 1640 5010 deinde
1666 4921 1735 5002 has
1763 4912 1836 5002 at?

844 5089 846 5094 ·
1621 5043 1829 5158 mesphaa
