4352 5646
473 263 873 364 PRINCIPIA
915 259 1501 362 MATHEMATICA.
1664 293 1765 386 409

208 447 269 533 soi
290 443 334 531 dc
362 443 535 557 planete
562 466 704 526 omnes
730 439 931 549 gravitent
957 437 1066 524 inse
1105 456 1270 536 mutuo,
1299 435 1343 520 bc
1369 455 1599 548 propterea,
1632 459 1710 547 pro
1729 432 1771 517 vi
1786 433 1947 572 Thus}

205 567 414 681 gravitatis
438 563 533 662 suae,
569 562 793 647 secundum
822 563 933 672 leges
962 580 1098 645 motus
1120 580 1322 670 perpetuo
1352 559 1584 667 agitentur:
1620 555 1774 669 perspi·
1823 531 1984 573 ΝΜ

208 719 334 778 cuum
354 691 410 775 est
431 688 546 804 quod
565 690 712 772 horum
739 706 880 771 centra
901 684 1067 770 mobilia
1099 709 1175 793 pro
1196 683 1340 767 mundi
1365 704 1510 767 centro
1539 680 1774 796 quiescente

207 815 350 902 haberi
369 831 591 924 nequeunt.
647 811 689 895 Si
706 835 857 921 corpus
875 807 974 893 iliud
1005 809 1046 892 in
1069 828 1216 890 centro
1238 804 1456 889 locandum
1476 804 1572 890 eIIet
1596 808 1639 890 in
1659 804 1776 918 quod

206 965 385 1050 corpora
412 935 548 1020 onmia
568 934 746 1019 maxime
775 931 974 1040 gravitant
1005 932 1084 1034 (uti
1106 931 1216 1039 vulgi
1246 929 1303 1014 est
1324 931 1488 1043 opinio)
1516 929 1775 1043 priuilegium

206 1061 315 1148 isiud
338 1058 654 1144 concedendurn
674 1054 770 1140 esset
792 1056 877 1139 soli.
930 1053 1041 1140 Cum
1064 1075 1201 1139 autem
1222 1052 1279 1137 sol
1295 1073 1520 1150 moveatur,
1538 1053 1775 1162 eligendum

208 1181 499 1296 eritpunbium
518 1181 742 1295 quiescens,
769 1208 791 1264 a
817 1204 902 1291 quo
926 1201 1117 1263 centrum
1136 1177 1226 1260 solis
1253 1203 1376 1289 quarn
1402 1177 1570 1262 minirne
1587 1177 1776 1273 discedit,

210 1307 403 1421 &aquo
426 1309 535 1392 idern
562 1309 696 1392 adhuc
722 1305 852 1392 miuus
880 1301 1123 1402 discederet,
1150 1301 1179 1386 fi
1204 1301 1334 1387 modo
1353 1302 1410 1389 sol
1432 1303 1593 1390 densior
1620 1302 1717 1390 esIet
1732 1306 1777 1390 &

212 1430 353 1544 major,
384 1452 430 1518 ut
444 1432 576 1518 tninus
593 1449 843 1516 moveretur.

337 1722 807 1826 PROPOSITIO
844 1723 966 1820 XIII.
1040 1721 1479 1820 THEOREMA
1524 1725 1646 1822 XIII.

207 1909 412 2014 Planetae
432 1934 660 2008 moventur
680 1903 728 2002 iu
752 1901 967 2042 elb'pfibus
997 1899 1250 2000 umbilicum
1282 1900 1535 2002 habentibus
1557 1904 1607 2004 in
1629 1913 1786 2004 centro

268 2063 388 2187 solis,
417 2057 476 2162 &
498 2057 638 2158 radiis
661 2053 727 2152 ad
737 2081 935 2153 centrum
958 2050 1075 2150 illud
1088 2051 1227 2154 dubiis
1248 2091 1377 2154 areas
1398 2054 1640 2176 doscribuut
1661 2083 1772 2156 tcm-

272 2214 453 2358 poribus
465 2205 827 2348 proportionales.

264 2453 568 2569 Disputavimus
586 2450 700 2559 supra
723 2447 778 2532 de
812 2446 873 2532 his
902 2445 1080 2532 motibus
1105 2473 1159 2534 ex
1184 2448 1473 2560 phaenomenin
1523 2448 1613 2558 Jam
1633 2455 1777 2564 cogni-

211 2585 262 2671 tis
287 2602 477 2667 rnotuum
506 2574 729 2689 principiis,
765 2598 819 2656 ex
850 2573 911 2656 his
945 2574 1171 2680 coisigimus
1207 2595 1344 2678 motus
1378 2571 1563 2659 coelestes
1588 2603 1610 2660 a
1636 2577 1775 2687 priori.

211 2707 419 2819 Quoniam
437 2700 621 2813 pondera
648 2699 898 2808 planetarum
924 2697 967 2780 in
996 2697 1120 2781 solens
1151 2699 1240 2782 sunt
1270 2697 1480 2809 reciproce
1509 2717 1554 2782 ut
1581 2701 1778 2810 quadrata

211 2831 524 2916 distantiaruma
544 2843 689 2908 centro
720 2821 811 2906 solis
831 2858 843 2920 ;
872 2822 899 2906 fi
922 2821 979 2905 sol
1004 2823 1231 2936 quiesceret
1259 2821 1303 2907 bc
1327 2825 1499 2933 pianetae
1526 2826 1671 2938 reliqui
1692 2852 1777 2910 non

201 2971 377 3064 agerent
399 2949 442 3034 in
473 2948 512 3032 se
534 2969 695 3038 mutuo,
723 2943 860 3030 forent
885 2945 1005 3030 orbes
1031 2972 1176 3031 eorum
1203 2945 1383 3055 elliptici,
1412 2944 1537 3029 solem
1555 2947 1596 3032 in
1617 2949 1778 3033 umbili-

205 3103 265 3174 co
291 3073 503 3161 communi
532 3071 738 3178 habentes,
774 3064 819 3150 dc
845 3095 948 3153 areae
974 3069 1300 3155 describerentur
1330 3069 1581 3178 temporibus
1606 3098 1777 3183 propor-

214 3199 384 3288 tionales
400 3198 496 3308 (per
515 3218 631 3305 prop.
655 3218 688 3272 1.
707 3189 749 3273 dc
778 3189 1053 3276 x1.&corol.
1080 3219 1111 3272 1.
1144 3216 1261 3301 prop.
1286 3216 1402 3274 xus.
1434 3189 1501 3273 lib.
1520 3197 1572 3297 1.)
1599 3193 1778 3278 adiiones

209 3346 348 3412 autern
386 3325 638 3430 planetarum
665 3316 709 3398 in
733 3313 774 3396 se
802 3333 949 3398 mutuo
982 3315 1217 3426 perexiguae
1250 3314 1341 3398 sunt
1383 3314 1455 3418 (ut
1492 3314 1642 3424 poffint
1679 3344 1777 3402 con·

211 3447 361 3553 temni)
381 3443 422 3526 &
442 3463 579 3526 motus
599 3438 849 3550 planetarum
870 3438 912 3521 in
927 3439 1126 3552 ellipsibus
1146 3440 1254 3523 circa
1274 3439 1399 3522 solem
1420 3438 1616 3527 mobilem
1645 3442 1785 3532 minus

210 3570 452 3690 perturbant
476 3568 567 3678 (per
591 3589 707 3676 prop.
735 3591 854 3649 uxor.
887 3565 955 3650 lib.
983 3569 1037 3672 r.)
1063 3563 1236 3677 quamsi
1262 3581 1397 3650 motus
1421 3563 1484 3648 isti
1514 3567 1622 3652 circa
1650 3568 1778 3656 solem

209 3692 487 3812 quiescentem
506 3706 812 3800 peragerentur.

267 3815 391 3906 Anio
412 3813 583 3929 quidem
610 3811 717 3920 jovis
744 3814 787 3898 sn
813 3811 1019 3898 saturnum
1051 3835 1135 3897 non
1169 3811 1227 3897 est
1257 3810 1429 3896 omnino
1462 3815 1778 3904 contemnenda.

209 3947 317 4032 Nam
336 3941 508 4050 gravitas
530 3940 571 4024 in
591 3936 730 4046 jovem
749 3936 874 4022 estad
900 3939 1140 4044 gravitatem
1161 3939 1202 4022 in
1220 3935 1345 4020 solem
1370 3937 1548 4046 (paribus
1566 3938 1777 4048 distantiis)

211 4089 258 4155 ut
281 4091 299 4146 1
320 4063 372 4147 ad
401 4069 529 4164 ¹0⁶7?
558 4061 737 4173 ideoque
756 4064 797 4146 in
821 4059 1107 4169 conjunbiione
1124 4061 1228 4170 jovis
1246 4059 1292 4142 bt
1312 4059 1476 4158 satusnI,
1501 4061 1694 4172 quoniam
1713 4062 1778 4148 di·

209 4191 351 4284 stantia
381 4179 535 4274 saturni
549 4215 572 4272 a
587 4185 685 4295 jove
704 4187 762 4270 est
789 4187 841 4272 ad
866 4186 1092 4272 distantiam
1119 4187 1270 4272 saturni
1297 4213 1320 4272 a
1340 4185 1424 4272 soie
1443 4188 1529 4272 fere
1551 4208 1597 4272 ut
1616 4203 1644 4294 a
1660 4188 1710 4273 ad
1738 4221 1778 4300 9,

209 4319 288 4406 erit
304 4314 479 4424 gravitas
499 4308 649 4394 saturni
666 4309 710 4394 in
726 4307 867 4417 jovem
882 4309 932 4393 ad
948 4310 1188 4420 gravitatem
1207 4311 1356 4394 saturni
1381 4311 1423 4394 in
1442 4298 1568 4396 solem
1589 4333 1635 4397 ut
1658 4313 1702 4395 81
1724 4315 1777 4400 ad

212 4442 422 4538 16x1067
445 4433 513 4518 seu
546 4461 562 4514 r
591 4431 643 4516 ad
672 4455 748 4512 211
782 4431 959 4516 circiter.
1014 4428 1069 4516 Et
1099 4433 1195 4516 hine
1220 4433 1352 4516 oritur
1386 4434 1640 4544 perturbatio
1667 4437 1778 4522 orbis

210 4562 356 4648 saturni
377 4560 421 4646 in
447 4558 606 4670 singulis
633 4558 804 4668 planetae
828 4555 943 4665 hujus
963 4584 1059 4642 cum
1074 4557 1171 4666 jove
1190 4556 1540 4666 conjunbiionibus
1567 4561 1671 4644 adeo
1691 4560 1780 4646 sen·

212 4687 333 4774 fibilis
353 4703 402 4767 ut
427 4682 477 4767 ad
498 4683 671 4768 eandem
697 4682 916 4768 astronomi
943 4686 1134 4768 haereant.
1191 4682 1277 4768 Pro
1297 4684 1410 4769 vario
1439 4687 1512 4768 suu
1534 4687 1706 4795 planetae
1733 4686 1778 4770 in

212 4815 273 4902 bis
299 4805 666 4917 conjunbiionibus,
699 4811 980 4895 eccentricitas
1005 4809 1089 4920 ejus
1116 4835 1225 4896 nunc
1252 4833 1422 4922 augetur
1451 4837 1558 4896 nunc
1586 4811 1779 4895 diminui-

211 4956 292 5038 tur,
317 4933 523 5048 aphebum
549 4959 657 5020 nunc
696 4957 964 5046 promovetur
1002 4961 1111 5020 nunc
1141 4935 1251 5021 sorte
1277 4933 1512 5033 retrahitur,
1546 4933 1591 5020 bc
1617 4935 1782 5024 medius

981 5057 1117 5170 Ggg
1646 5083 1781 5148 mmm
