4338 5656
1121 6 1126 18 Ι
1253 0 1417 11 “-·“-”7’Ὗ
1426 0 1433 1 ‘
1452 0 1468 3 f

1813 11 1975 78 N

458 249 556 380 526
679 247 1242 351 numosonusae
1285 230 1738 351 NnT'unnnss

253 499 274 564 ι
351 435 431 479 ⁰⁸0¹
462 385 655 528 paulatim
682 416 988 503 decrescentem
1022 413 1066 500 ὅτ
1096 412 1224 526 spatio
1246 412 1443 500 menfiutn
1468 401 1676 498 sexdecim
1700 411 2022 505 evanescentem

273 513 437 561 ¹¹¹¹¹¹¹¹
461 540 700 626 observavit.
758 539 903 626 Mense
922 540 1161 636 Novembri,
1193 537 1264 624 ubi
1283 539 1456 650 primum
1483 537 1683 648 apparuit,
1705 563 1901 624 venerem
1927 545 2025 628 luce

459 659 527 748 sua
559 667 758 780 aequabat.
813 663 960 750 Mense
989 663 1210 749 Decembri
1249 664 1434 752 nonnihil
1456 663 1660 748 diminuta
1685 660 1834 771 'jovem
1851 689 2025 780 aequare

459 788 687 874 videbatur.
744 795 867 874 Anno
893 817 1006 892 1573,
1034 788 1169 874 mense
1194 788 1400 897 Jarruario
1427 789 1562 872 minor
1593 807 1679 874 erat
1702 785 1800 892 jove
1825 787 1870 872 dt
1889 793 2024 900 major

456 913 583 1012 Sirio,
609 917 678 1000 cui
705 915 747 1000 in
767 911 849 1000 fine
871 912 1149 998 Februarii&
1170 915 1327 996 Martii
1351 913 1469 998 initio
1494 908 1618 996 evasit
1640 914 1814 1024 aqualis.
1871 913 2023 1004 Mense

462 1035 663 1148 Aprili&
684 1037 798 1120 Maio
814 1037 931 1122 stellis
949 1038 1139 1124 secundae
1160 1039 1464 1148 magnitudinis,
1492 1035 1633 1146 Junio,
1654 1035 1833 1146 Juliu&
1846 1044 2024 1158 Augusto
2143 1071 2144 1088 ³

362 1239 364 1246 .
458 1163 580 1248 slellis
608 1163 739 1246 tertiae
774 1161 1081 1269 magnitudinis,
1110 1163 1351 1274 Septembri,
1383 1163 1550 1246 Ociobri
1579 1160 1623 1246 ἃ
1647 1160 1873 1244 Novembri
1902 1166 2023 1256 llellis

454 1301 630 1400 quartae,
658 1282 880 1366 Decembri
907 1283 949 1368 δι
981 1284 1075 1369 anni
1105 1311 1220 1392 1574,
1245 1281 1382 1370 mense
1409 1282 1613 1392 Januario
1642 1283 1760 1368 stellis
1770 1287 1950 1396 quinta,
1977 1289 2022 1376 dt

457 1408 599 1496 mense
622 1405 844 1490 Februario
877 1407 993 1493 llellis
1028 1407 1152 1494 sextae
1184 1405 1475 1516 magnitudinis
1512 1407 1676 1520 aequalis
1707 1405 1943 1510 videbatur,
1977 1413 2022 1500 dt

457 1533 599 1620 mense
615 1532 777 1616 Martio
796 1558 850 1617 ex
866 1534 995 1618 oculis
1013 1535 1187 1620 evanuit.
1243 1531 1373 1618 Color
1390 1533 1446 1616 illi
1465 1531 1514 1615 ab
1537 1532 1659 1616 initio
1676 1533 1821 1629 clarus,
1841 1535 2020 1625 albicans

452 1684 507 1747 ac
524 1657 769 1769 splendidus,
789 1657 924 1767 postea
944 1657 1084 1755 slavus,
1102 1659 1146 1743 dc
1166 1656 1259 1743 anni
1273 1683 1369 1758 1573
1386 1653 1693 1740 menseMartia
1710 1658 1879 1742 rutilans
1900 1662 2021 1748 instar

455 1781 2019 1886 martisautstellaealdebaramMaioautemalbitudinemsublividaminduxit,

453 1904 621 2016 qualem
641 1905 683 1988 in
703 1903 863 1988 saturno
883 1906 1099 2003 cernimus,
1125 1930 1249 2018 quem
1268 1904 1453 2000 colorem
1478 1901 1603 2012 usque
1622 1901 1665 1984 in
1688 1899 1816 1985 finem
1835 1903 2019 2008 seruauit,

288 2025 296 2038 '
457 2023 618 2136 semper
644 2045 780 2109 tamen
802 2025 1011 2114 obscurior
1033 2027 1148 2113 sassa.
1182 2027 1297 2113 Talis
1314 2027 1438 2113 etiam
1455 2025 1532 2108 suit
1552 2023 1658 2108 stella
1674 2025 1717 2108 in
1739 2025 1887 2111 dextro
1905 2031 2016 2139 pede

454 2145 708 2260 serpentarii,
735 2171 859 2260 quam
879 2149 1046 2258 Kepleri
1073 2149 1259 2263 discipuli
1291 2175 1399 2236 anno
1438 2153 1554 2252 1604,
1593 2145 1666 2230 die
1694 2175 1749 2246 30
1777 2149 2018 2259 Septembris

460 2269 505 2358 st.
531 2292 612 2358 vet.
639 2296 832 2383 apparere
857 2271 1025 2384 coepisse
1046 2271 1321 2370 observarunt,
1355 2269 1400 2354 dr
1430 2273 1522 2356 luce
1553 2269 1621 2352 sua
1646 2269 1800 2356 stellam
1823 2273 1931 2382 jovis
1957 2278 1976 2362 s
1998 2323 2017 2342 ·
2143 2309 2144 2354 ι

454 2391 626 2510 perasie,
664 2421 762 2480 cum
793 2391 913 2482 notle
939 2398 1201 2508 praecedente
1235 2397 1403 2482 minime
1428 2391 1679 2508 apparuisset.
1740 2396 1889 2482 Abeo
1921 2426 2020 2486 vero
2143 2415 2144 2426 ‘

459 2539 649 2630 tempore
676 2519 868 2630 paulatim
896 2519 1096 2620 decrevit,
1130 2519 1327 2632 &spatio
1353 2517 1552 2603 manlium
1577 2518 1815 2631 quindecim
1840 2522 1905 2604 vel
1927 2521 2020 2608 sex·

459 2639 598 2728 decim
632 2667 686 2726 ex
719 2641 847 2726 oculis
874 2643 1050 2729 evanuit.
1121 2641 1217 2728 Tali
1248 2642 1373 2728 etiam
1408 2639 1517 2726 llella
1550 2667 1658 2726 nova
1689 2640 1804 2762 supra
1839 2642 2018 2730 modum

455 2762 696 2876 splendente
717 2762 977 2872 Hipparchus
1002 2767 1056 2851 ad
1091 2765 1192 2850 fixas
1215 2763 1486 2849 observandas
1520 2763 1563 2848 ὅτ
1589 2766 1632 2850 in
1652 2767 1887 2872 catalogum
1913 2767 2018 2854 rese·

453 2887 606 2974 tendas
631 2885 830 2966 excitatus
863 2884 979 2970 fuisse
1010 2887 1176 2971 dicitur.
1228 2887 1312 2972 Sed
1337 2887 1445 2987 fixae,
1468 2913 1564 3000 quae
1593 2913 1661 2998 per
1682 2887 1795 2970 vices
1815 2911 2018 3000 apparent

455 3007 505 3096 dc
531 3002 788 3100 evanescunt,
813 3029 989 3117 quaeque
1022 3008 1214 3119 paulatim
1242 3008 1444 3108 crescunt,
1472 3007 1517 3092 δε
1547 3011 1638 3092 luce
1660 3007 1727 3091 sua
1751 3007 1859 3094 isxas
1881 3013 2016 3098 tertiae

456 3123 749 3238 magnitudinis
774 3125 841 3208 vix
868 3151 1046 3240 unquam
1077 3129 1280 3241 superant,
1315 3129 1510 3214 videntur
1542 3127 1624 3216 eise
1657 3132 1818 3241 generis
1841 3135 2017 3234 alterius,
2143 3175 2144 3186 Ν

453 3251 505 3336 .&
524 3247 776 3337 revolvendo
800 3269 957 3360 partem
981 3252 1159 3340 lucidam
1181 3251 1226 3340 δι
1243 3273 1401 3364 partem
1418 3254 1630 3342 obscuram
1656 3281 1731 3366 per
1754 3256 1860 3339 vices
1883 3259 2016 3345 oslen-

452 3375 572 3462 ,dere
628 3377 813 3485 vapores
833 3393 983 3470 autem,
1022 3377 1093 3489 qui
1115 3403 1168 3462 eu
1182 3375 1270 3463 *sole
1296 3376 1338 3462 ἃ
1361 3377 1479 3463 stellis
1498 3379 1588 3464 fixis
1609 3377 1653 3462 dt
1674 3378 1814 3463 caudis
1836 3404 2017 3470 cometa·

456 3524 553 3585 rum
573 3496 775 3592 oriuntur,
799 3494 982 3582 incidere
1002 3496 1163 3610 possunt
1188 3524 1263 3610 per
1280 3501 1517 3614 gravitatem
1535 3500 1645 3586 suam
1665 3503 1708 3586 in
1733 3504 2017 3617 atmospltaeras

456 3623 711 3734 planetarum
733 3615 778 3702 δι
807 3618 864 3704 ibi
889 3621 1127 3708 condensari
1155 3621 1200 3714 dc
1227 3627 1415 3710 converti
1447 3624 1657 3738 inaquam
1680 3625 1726 3710 8ι
1754 3627 1916 3739 spiritus
1943 3632 2016 3714 hu-

459 3744 612 3846 midos,
638 3743 683 3828 δε
703 3743 875 3832 subinde
896 3769 969 3857 per
987 3748 1142 3832 lentum
1160 3749 1338 3834 calorem
1360 3747 1403 3832 in
1429 3748 1540 3846 sales,
1566 3748 1612 3835 &
1638 3749 1839 3860 sulphura,
1864 3755 1910 3838 dc
1932 3755 2016 3838 tin-

455 3863 606 3967 sluras,
638 3867 684 3954 dc
710 3868 866 3965 limum,
893 3867 939 3954 dc
964 3870 1109 3966 lutum,
1138 3869 1183 3955 δι
1205 3873 1398 3982 argillam,
1424 3870 1470 3958 dt
1495 3899 1672 3971 menam,
1705 3873 1751 3961 δι
1774 3875 1936 3988 lapides,
1965 3876 2017 3964 dc

454 3997 621 4094 coralla,
649 3991 692 4076 δι
710 3991 940 4078 substantias
957 3993 1049 4078 alias
1069 3992 1275 4081 terrestres
1294 3994 1487 4106 paulatim
1513 3995 1702 4106 migrare.

692 4228 1209 4333 SCHOLIUM.
1256 4231 1786 4338 GENERALE.

474 4413 476 4416 ’
513 4400 763 4513 Hypothefis
793 4401 998 4488 vorticum
1021 4405 1158 4489 multis
1175 4406 1374 4517 premitur
1393 4399 1718 4494 difficultatibus.
1772 4407 1832 4494 Ut
1849 4409 2010 4521 planeta

456 4525 731 4639 unusquisque
754 4524 871 4609 radio
892 4524 944 4610 ad
970 4523 1094 4611 solem
1117 4527 1243 4613 duslo
1269 4553 1392 4612 areas.
1411 4525 1611 4614 describat
1639 4532 1816 4646 tempori
1841 4558 2011 4646 propor-

453 4654 641 4746 tionales,
674 4667 858 4754 tempora
887 4647 1096 4759 periodica
1122 4653 1298 4763 partium
1335 4651 1499 4733 vorticis
1535 4653 1732 4739 deberent
1760 4652 1840 4739 elle
1869 4657 1909 4740 in
1933 4657 2010 4742 du·

456 4778 603 4886 plicata
627 4771 784 4856 ratione
813 4769 1090 4858 distantiarum
1115 4803 1137 4859 a
1163 4777 1257 4860 sole⁴
1311 4773 1371 4857 Ut
1403 4775 1607 4886 periodica
1634 4781 1886 4888 planetarum
1910 4802 2012 4866 tem·

455 4925 558 5014 pora
583 4893 659 4983 fint
682 4897 728 4983 in
751 4895 1022 5010 proportione
1051 4895 1324 5014 sesquiplicata
1345 4897 1624 4987 distantium·
1651 4935 1668 4984 a
1700 4905 1795 4998 sole,
1825 4925 2012 5030 tempora

1905 5041 2013 5123 sill·
2143 5109 2144 5122 t
