4450 5674
387 205 390 210 ’
469 220 874 322 PRINCIPIA
923 215 1521 316 unrununrtcn
1720 243 1782 332 ιγ

209 405 433 502 secundum
452 406 599 491 lineam
612 421 646 512 p
663 401 745 485 H
734 428 777 488 ιιι
803 401 932 513 plana,
957 419 1003 484 ut
1012 417 1046 510 p
1067 397 1120 482 N
1133 399 1184 484 ad
1201 399 1323 510 pH;
1353 417 1475 541 atque
1496 395 1547 480 ad
1572 394 1671 494 vim,
1696 421 1778 509 qua
1836 403 1970 466 Lm·

211 561 332 651 urget
351 538 515 678 planum
533 533 705 616 alterum
726 529 820 640 pG‚
851 547 897 612 ut
906 525 1005 636 pN
1014 526 1066 610 ad
1088 525 1142 610 N
1145 525 1203 614 H
1257 525 1337 612 Sed
1368 523 1469 610 &
1432 524 1782 636 viscochseaeper
1831 487 1986 550 Morte

83 673 89 679 '
128 709 132 718 ·
211 665 381 753 ssmilem
402 660 551 745 virium
578 655 818 741 divisionem
845 654 1079 762 colligitur,
1108 655 1261 766 quippe
1289 677 1382 764 quae
1410 676 1562 738 cuneus
1587 649 1645 735 est
1669 677 1693 735 a
1714 676 1785 736 ve·

211 792 274 876 de
303 785 507 900 impulsus
579 779 682 867 Usus
721 781 846 890 igitur
876 779 1079 865 corollarii
1106 780 1221 888 hujus
1253 779 1438 865 latissime
1466 797 1595 890 patet,
1631 773 1676 862 dt
1705 778 1786 865 late

210 915 392 1032 patendo
422 921 636 998 veritatem
658 907 742 1017 ejus
770 906 948 1004 evincit;
977 931 1072 996 cum
1103 906 1279 1018 pendeat
1306 935 1359 993 ex
1378 907 1460 1016 ij
1489 901 1605 990 disiis
1624 906 1788 992 mecha·

211 1042 420 1131 nica'tota
448 1039 499 1122 ab
529 1033 759 1120 custoribus
796 1032 1070 1141 diversimode
1103 1032 1385 1119 demonstrata.
1454 1027 1522 1118 Ex
1541 1031 1650 1118 hisce
1676 1033 1789 1120 enim

211 1171 331 1256 sacile
350 1167 584 1251 derivantur
612 1161 718 1246 vires
746 1159 1048 1257 machinarum,
1086 1186 1179 1274 qute
1212 1189 1265 1248 ex
1286 1164 1410 1259 rotis,
1451 1160 1674 1272 tympanis,
1703 1179 1789 1245 tro·

214 1300 354 1395 chleir,
381 1291 573 1388 vestibus,
599 1289 733 1376 nervis
760 1289 877 1376 tensis
905 1288 1223 1402 &ponderibus
1255 1287 1409 1375 direde
1443 1291 1508 1374 vel
1540 1288 1705 1402 oblique
1730 1288 1789 1373 as·

216 1421 498 1517 cendentibus,
525 1417 764 1530 caeterisque
790 1417 983 1528 potentiis
1008 1417 1254 1502 mechanicis
1281 1415 1478 1532 componi
1506 1413 1651 1513 solent,
1677 1412 1789 1502 ut&

215 1554 321 1638 vires
348 1546 563 1634 tendinum
592 1543 644 1629 ad
674 1543 905 1630 animalium
937 1541 1018 1628 offa
1044 1544 1261 1632 movenda.

604 1795 1271 1897 COROLLARIUM
1343 1799 1417 1894 111.

214 1983 467 2122 Quantitas
509 2009 645 2078 motus
690 2015 786 2112 quae
829 1975 1043 2113 colligitur
1083 1977 1290 2118 capiendo
1319 1983 1550 2098 flammam
1589 1946 1784 2076 motuum

277 2137 504 2271 fossorum
527 2131 594 2230 ad
622 2130 804 2230 eandem
829 2157 1028 2266 partem,
1067 2130 1129 2236 ἔθ’
1153 2132 1450 2280 differentiam
1470 2131 1698 2265 fossorum
1724 2127 1798 2233 ad'

289 2291 549 2414 contrarias,
585 2325 671 2387 non
693 2312 893 2384 mutatur
915 2287 973 2386 ab
1001 2286 1170 2389 cessione
1192 2317 1418 2430 corporum
1440 2289 1557 2426 inter
1567 2296 1635 2414 sc.

272 2555 443 2646 Etenim
471 2555 577 2642 adio
597 2555 718 2669 eique
746 2553 949 2641 contraria
967 2551 1118 2641 reodio
1137 2555 1309 2672 aequales
1336 2554 1426 2644 sunt
1452 2581 1527 2670 per
1546 2559 1680 2670 legem
1702 2581 1789 2657 ιιι,

216 2685 399 2799 ideoque
427 2707 500 2794 per
518 2686 652 2793 legem
678 2709 721 2763 11
748 2681 961 2794 aequales
949 2708 992 2767 1n
1021 2683 1200 2768 motibus
1228 2680 1415 2770 efficiunt
1433 2684 1679 2770 mutationes
1696 2711 1789 2772 ver-

217 2812 283 2899 sus
303 2809 524 2896 contrarias
544 2827 688 2921 partes
732 2801 847 2928 Ergo
867 2803 897 2892 fi
919 2825 1056 2892 motus
1074 2807 1176 2894 fiunt
1194 2807 1246 2893 ad
1264 2807 1438 2895 eandem
1456 2825 1646 2920 partem3
1673 2811 1791 2926 quic

215 2935 321 3052 quid
360 2934 525 3019 additur
552 2930 684 3016 motui
710 2933 896 3046 corporis
920 2927 1128 3043 fugientis,
1162 2933 1410 3022 subducetur
1443 2935 1576 3022 motui
1607 2936 1795 3047 corporis

213 3063 463 3177 insequentis
489 3058 557 3158 stc,
593 3080 640 3145 ut
669 3058 826 3146 summa
858 3082 1019 3147 maneat
1044 3063 1187 3150 eadem
1217 3091 1310 3178 quae
1337 3064 1459 3178 prius.
1514 3062 1584 3151 Sin
1615 3090 1791 3176 corpora

213 3192 383 3276 obviam
412 3207 543 3284 eant3
585 3187 746 3300 aequalis
771 3189 848 3271 erit
874 3185 1089 3274 subdudio
1116 3189 1170 3276 de
1200 3212 1319 3276 motu
1347 3188 1571 3302 utriusque,
1606 3189 1788 3304 ideoque

213 3311 449 3400 differentia
469 3331 658 3396 motuum
679 3309 878 3393 sactorum
899 3313 942 3394 in
961 3315 1183 3399 contrarias
1202 3333 1335 3426 partes
1357 3312 1537 3397 manebit
1557 3312 1714 3397 eadem.

274 3435 336 3521 Ut
354 3436 542 3546 sicorpus
559 3435 799 3545 sphaericum
819 3436 866 3516 A
880 3434 926 3519 fit
946 3436 1068 3547 triplo
1087 3437 1212 3546 majus
1229 3463 1404 3548 corpore
1422 3435 1620 3547 sphaerico
1640 3439 1694 3538 B,
1719 3439 1790 3524 ha·

215 3561 397 3674 beatque
422 3558 520 3644 duas
541 3556 767 3642 velocitatis
791 3577 950 3667 partem
986 3560 1030 3644 dc
1051 3562 1092 3643 B
1110 3563 1298 3675 sequatur
1325 3562 1368 3647 in
1395 3559 1541 3647 eadem
1566 3556 1675 3647 resin
1691 3588 1790 3650 cum

217 3687 446 3772 velocitatis
469 3685 647 3796 partibus
671 3682 831 3781 decern,
857 3685 1037 3800 ideoque
1055 3707 1190 3773 motus
1208 3687 1327 3800 ipsius
1350 3689 1397 3770 A
1409 3683 1457 3772 fit
1477 3687 1530 3772 ad
1549 3707 1709 3774 motum
1727 3690 1792 3802 ip-

218 3809 295 3896 sius
316 3810 369 3908 B,
396 3828 441 3894 ut
467 3809 536 3893 sex
557 3807 611 3892 ad
637 3806 811 3892 decem:
849 3829 1052 3919 ponantur
1081 3834 1217 3896 motus
1243 3812 1318 3896 illis
1347 3807 1427 3896 esse
1455 3813 1631 3922 partium
1659 3811 1727 3902 sex
1744 3813 1791 3898 dc

217 3936 396 4044 partium
417 3934 577 4030 decem,
606 3931 648 4016 δι
668 3931 818 4017 summa
836 3934 914 4016 erit
933 3936 1110 4045 partium
1131 3935 1351 4020 sexdecim.
1405 3933 1448 4020 In
1470 3963 1694 4048 corporum
1714 3937 1791 4048 igi·

217 4080 288 4144 tur
308 4059 521 4156 concursu,
548 4059 743 4167 ficorpus
760 4060 806 4140 A
826 4061 1006 4144 lucretur
1027 4079 1162 4146 motus
1182 4080 1314 4174 partes
1341 4082 1422 4146 tres
1443 4064 1510 4148 vel
1530 4083 1706 4176 quatuor
1725 4068 1789 4154 vel

214 4185 416 4298 quinque,
455 4208 603 4295 corpus
631 4183 671 4264 B
696 4183 855 4268 amittet
882 4205 1015 4297 partes
1042 4187 1233 4286 totidem,
1267 4188 1447 4302 ideoque
1468 4208 1613 4301 perget
1641 4215 1791 4303 corpus

220 4313 268 4392 A
286 4309 379 4421 post
403 4307 669 4394 reflexionem
697 4335 793 4393 cum
828 4311 1006 4420 partibus
1039 4338 1190 4399 novem
1217 4316 1283 4400 vel
1311 4315 1459 4400 decem
1485 4319 1551 4402 vel
1579 4316 1790 4418 undecim,

220 4429 318 4514 &B
332 4457 427 4516 cum
447 4433 624 4541 partibus
650 4431 803 4542 septem
827 4433 892 4516 vel
906 4431 976 4518 sex
996 4436 1060 4519 vel
1073 4436 1272 4550 quinque,
1298 4436 1494 4523 existente
1509 4438 1666 4552 semper
1684 4440 1790 4526 sum·

221 4580 287 4640 ma
304 4559 479 4668 partiunt
498 4556 705 4643 sexdecim
725 4578 772 4643 ut
800 4560 920 4670 prius.
979 4557 1021 4644 Si
1040 4589 1189 4674 corpus
1210 4565 1257 4645 A
1275 4564 1455 4649 lucretur
1477 4585 1609 4676 partes
1636 4592 1789 4652 novem

222 4680 288 4764 vel
318 4682 462 4767 decern
488 4684 552 4766 vel
580 4683 772 4768 undecim
804 4685 869 4766 vel
896 4683 1134 4783 duodecim,
1175 4686 1355 4800 ideoque
1383 4688 1668 4799 progrediatur
1697 4691 1790 4802 post

220 4807 463 4891 concursum
493 4833 588 4891 cum
617 4807 795 4919 partibus
823 4808 1059 4920 quindecim
1093 4811 1158 4895 vel
1185 4812 1398 4916 sexdecim·
1417 4813 1483 4898 vel
1509 4812 1788 4924 septendecim

221 4930 288 5015 vel
314 4931 544 5022 octodecim
566 4969 578 5033 ;
613 4957 761 5044 corpus
784 4934 837 5034 B,
875 4935 1102 5024 amittendo
1135 4959 1198 5027 tot
1224 4959 1359 5052 partes
1391 4957 1495 5052 quot
1521 4939 1568 5023 A
1595 4941 1791 5050 luctatur,

1002 5059 1045 5145 D
1524 5161 1528 5168 ,
1720 5067 1789 5156 vel
