4450 5674
935 161 1466 280 EDlTORlS

413 345 586 437 nomine
607 361 752 460 prater
774 358 957 428 naturam
972 337 1050 428 else
1069 337 1344 439 affirmabunt,
1370 337 1485 452 quod
1505 363 1559 424 ex
1579 337 1665 424 aliis
1684 365 1907 454 corporum
1929 345 2004 432 as·

416 463 663 559 sessionibus
691 490 813 580 atque
843 467 947 552 adeo
971 493 1021 550 ex
1053 465 1176 552 causis
1200 465 1448 550 mechanicis
1481 465 1685 572 originem
1713 489 1797 554 non
1827 472 2001 560 habeat.

414 583 580 680 Dantur
612 613 725 683 certe
754 591 954 703 primariae
979 617 1202 705 corporum
1232 585 1488 687 assessionem
1517 614 1638 702 ⁴quae,
1671 595 1865 705 quoniam
1885 597 2003 684 sunt

413 719 637 830 primatiae,
664 733 749 808 noi'i
769 717 950 830 pendent
967 719 1016 802 ab
1036 719 1131 803 aliis.
1162 715 1355 804 Viderint
1382 717 1505 826 igitur
1528 741 1662 800 annon
1690 716 1733 799 dr
1753 718 1816 803 hae
1841 747 2000 810 omnes

416 840 497 928 sint
527 846 676 955 pariter
697 862 844 955 prater
863 864 1066 940 naturam,
1099 869 1233 958 eoque
1250 841 1402 955 pariter
1418 839 1670 952 rejiciendae:
1692 843 1869 932 viderint
1882 875 1997 938 vero

411 967 547 1080 qualis
564 958 608 1054 sit
627 960 779 1053 deinde
796 967 930 1053 futura
944 968 1207 1082 philosophia.

478 1091 673 1180 Nonnulli
711 1093 800 1179 sunt
833 1094 979 1208 quibus
1011 1095 1099 1181 haec
1127 1115 1215 1181 tota
1244 1095 1404 1208 physica
1434 1095 1600 1182 caelestis
1632 1099 1698 1184 vel
1729 1101 1826 1188 ideo
1853 1106 1995 1194 minus

412 1215 579 1334 placet,
625 1217 740 1330 quod
772 1244 868 1302 cum
900 1218 1069 1324 Cartefii
1099 1219 1359 1328 dogmatibus
1392 1245 1573 1332 pugnate
1606 1219 1650 1304 dr
1677 1223 1747 1308 vix
1779 1232 1995 1317 conciliari

416 1341 531 1455 posse
553 1343 754 1428 videatur.
810 1338 890 1430 His
905 1341 972 1430 sua
996 1344 1136 1430 licebit
1156 1347 1350 1458 opinione
1368 1343 1475 1442 sruia
1503 1373 1556 1432 ex
1576 1371 1697 1460 aeqtio
1712 1368 1847 1435 autem
1868 1377 1994 1462 agant

413 1487 611 1580 oportet:
655 1495 738 1555 non
769 1493 870 1580 ergo
902 1469 1164 1580 denegabunt
1195 1471 1280 1558 aliis
1307 1470 1480 1558 eandem
1513 1471 1742 1559 libertatem
1768 1504 1892 1590 quam
1915 1479 1993 1564 sibi

413 1595 600 1679 concedi
627 1589 840 1705 postulant.
896 1589 1220 1684 anrouianair
1249 1598 1389 1711 itaque
1411 1597 1717 1712 philosophiam,
1743 1628 1838 1714 quae
1870 1605 1992 1693 nobis

416 1721 558 1808 uerior
574 1721 757 1822 habetur,
786 1723 964 1810 retinere
984 1723 1028 1808 &
1048 1724 1235 1836 amplesli
1254 1725 1408 1822 licebit,
1437 1723 1480 1809 dc
1503 1725 1635 1810 causas
1654 1724 1766 1840 sequi
1786 1754 1859 1840 per
1877 1732 1992 1842 pbae-

418 1873 598 1935 nomena
621 1849 930 1959 comprobatas,
966 1851 1102 1962 potius
1128 1875 1251 1964 quain
1278 1845 1387 1937 lisias
1412 1848 1663 1936 &nondum
1692 1856 1992 1964 comprobatas.

350 1989 353 1998 ’
422 1973 492 2058 Ad
519 2000 657 2060 veram
682 1977 974 2090 philosophiam
990 1977 1182 2089 pertinet,
1208 2002 1347 2062 rerum
1371 1999 1531 2062 naturas
1558 2001 1613 2062 ex
1632 1976 1756 2063 causis
1778 1986 1993 2069 vereexis·

414 2099 604 2188 tentibus
631 2103 834 2189 derivate:
882 2130 946 2190 eas
974 2129 1074 2188 vero
1106 2104 1214 2214 leges
1240 2125 1447 2215 querere,
1489 2099 1636 2213 quibus
1663 2101 1793 2187 voluit
1812 2103 1989 2200 summus

416 2221 564 2334 opifex
586 2227 695 2313 hunc
721 2230 864 2315 mundi
892 2230 1213 2344 pulcherrimum
1232 2227 1423 2313 ordinem
1444 2225 1639 2324 stabiliie3
1661 2252 1745 2313 non
1760 2255 1825 2315 eas
1841 2235 1990 2345 quibus

417 2355 579 2460 potuit,
608 2354 636 2438 fi
661 2355 716 2439 ita
741 2356 869 2441 visum
901 2352 1046 2442 suisset.
1084 2353 1273 2440 ·Rationi
1300 2354 1411 2438 enim
1438 2351 1666 2438 consonum
1693 2351 1762 2449 est,
1793 2377 1878 2440 uta
1906 2361 1993 2470 plu·

423 2475 534 2564 ribus
554 2479 698 2578 causis,
733 2485 784 2567 ab
809 2484 987 2570 invicem
1006 2481 1191 2570 nonnihil
1217 2477 1397 2576 divetfis,
1424 2478 1537 2566 idem
1568 2477 1690 2591 possit
1709 2469 1877 2568 effetlus
1899 2509 1993 2594 pro·

420 2603 565 2691 ficisci:
602 2609 691 2696 haec
724 2631 863 2696 autem
883 2636 977 2696 vera
1004 2610 1083 2695 erit
1101 2607 1230 2706 causa,
1256 2633 1311 2694 ex
1330 2631 1410 2719 qua
1434 2631 1533 2691 vere
1557 2624 1681 2720 atque
1702 2607 1793 2694 assu
1813 2609 1994 2720 proficis.

417 2733 554 2833 citur;
601 2739 771 2850 reliqua
800 2738 940 2822 locum
971 2760 1057 2822 non
1083 2735 1237 2820 habent
1266 2735 1311 2820 in
1345 2731 1599 2844 philosophia
1626 2757 1733 2817 vera.
1797 2731 1842 2820 lii
1871 2737 1995 2820 horo.

418 2858 543 2966 ‘logiis
571 2865 786 2948 automatis
821 2863 934 2948 idem
967 2861 1114 2948 indicis
1150 2859 1304 2945 horarii
1337 2879 1474 2944 motus
1509 2859 1574 2942 vel
1601 2855 1652 2944 ab
1685 2859 1861 2972 appenso
1893 2887 1996 2973 poti·

419 2981 525 3067 dere
556 2987 832 3072 velabimus
861 2983 1057 3070 concluso
1083 2985 1233 3069 elatere
1261 2983 1360 3067 oriri
1386 2982 1530 3093 potest.
1596 2984 1728 3095 Quod
1755 2985 1785 3070 li
1813 2988 1996 3076 oblatum

425 3109 688 3222 horologium
714 3138 856 3197 revera
890 3109 937 3196 sit
965 3107 1202 3194 inlituslum
1237 3105 1446 3218 pondere,
1487 3106 1690 3194 ridebitur
1721 3111 1793 3224 qui
1810 3111 1935 3226 finget
1956 3141 1998 3200 e·

422 3235 608 3332 laterem,
646 3234 691 3320 &
710 3261 763 3321 ex
783 3231 996 3348 hypothesi
1017 3230 1071 3316 sic
1091 3255 1355 3343 praepropere
1375 3230 1549 3316 confisis
1568 3253 1729 3318 motum
1752 3234 1900 3320 indicis
1927 3264 1998 3326 ex·

422 3360 574 3474 plicare
608 3357 817 3472 suscipiet:
878 3355 1063 3473 oportuit
1103 3357 1214 3442 enim
1245 3357 1446 3442 internam
1478 3357 1678 3444 machinae
1707 3357 1901 3446 fabricam
1926 3382 2010 3476 pes

424 3487 547 3574 nitius
578 3485 845 3598 perscrutari,
881 3506 927 3572 ut
953 3485 1010 3570 ita
1037 3501 1174 3568 motus
1202 3480 1398 3594 propositi
1424 3481 1670 3592 principium
1693 3507 1837 3570 serum
1856 3489 1998 3597 euplo·

425 3639 561 3706 ratum
593 3621 742 3705 habere
766 3620 909 3731 posset.
965 3619 1080 3704 Idem
1112 3621 1178 3702 vel
1208 3645 1293 3704 non
1321 3618 1499 3704 absimile
1526 3617 1682 3704 feretur
1713 3619 1917 3729 judicium
1943 3625 1998 3714 de

422 3744 677 3864 philosophis
695 3745 785 3845 illis,
811 3746 883 3860 qui
906 3745 1075 3830 materia
1093 3744 1272 3857 quadam
1294 3741 1543 3832 subtilissima
1569 3748 1691 3832 caelos
1708 3744 1788 3832 else
1807 3749 1999 3862 repletos,
2023 3785 2025 3790 ¹

422 3873 531 3959 lianc
552 3892 690 3958 autem
713 3873 755 3960 in
776 3874 955 3958 vortices
980 3869 1254 3956 indesinenter
1272 3871 1338 3982 agi
1367 3872 1597 3960 voluerunt.
1652 3873 1758 3958 Nam
1780 3872 1809 3959 fi
1834 3877 1999 3986 phano·

424 3999 558 4086 menis
579 3999 645 4085 vel
663 3996 959 4085 accuratissime
987 3996 1215 4083 satisfacere
1234 3993 1390 4112 possent
1405 4024 1459 4084 ex
1479 3998 1767 4110 hypothesibus
1795 3998 1896 4098 suis;
1931 4029 2000 4089 ve·

428 4153 516 4214 ram
535 4145 672 4214 tamen
691 4125 986 4238 philosophiam
1017 4123 1239 4225 tradidisse,
1267 4126 1311 4211 δε
1335 4152 1450 4212 veras
1471 4128 1604 4212 causas
1622 4147 1815 4213 motuum
1835 4129 2000 4216 caelelli-

425 4277 502 4338 um
519 4249 712 4339 invenisse
732 4252 921 4338 nondum
941 4250 1110 4339 dicendi
1133 4251 1248 4350 sunm
1286 4251 1358 4337 nili
1383 4253 1449 4338 vel
1471 4255 1541 4340 has
1560 4277 1702 4340 resera
1719 4252 1906 4351 existere,
1934 4248 2001 4340 vel

429 4379 568 4464 saltem
596 4381 688 4466 alias
713 4405 798 4466 non
817 4380 991 4466 existere
1010 4378 1387 4467 demonstraverint.
1442 4377 1569 4492 Igitur
1588 4383 1616 4465 fi
1642 4378 1844 4465 ostensum
1863 4379 2003 4480 suerit,

431 4505 712 4592 universorum
737 4531 962 4617 corporum
994 4505 1277 4591 attraslionem
1304 4505 1453 4590 habere
1475 4531 1619 4592 verum
1643 4507 1778 4591 locum
1799 4504 1842 4586 in
1863 4525 2002 4589 rerum

427 4652 595 4729 naturai
636 4630 860 4745 quinetiam
889 4629 1091 4717 ostensum
1123 4629 1272 4731 suerit,
1310 4656 1391 4743 qua
1411 4630 1569 4717 ratione
1599 4652 1735 4717 motus
1757 4653 1899 4718 omnes
1921 4651 2025 4713 cae-.

425 4755 545 4848 testes
570 4757 718 4846 abinde
743 4754 990 4848 solutionem
1012 4756 1236 4871 recipiant;
1265 4781 1365 4844 vana
1385 4756 1507 4844 suerit
1529 4755 1574 4842 δι
1596 4757 1749 4846 merito
1776 4753 2003 4842 deridenda

1812 4874 2004 4989 objeslim

574 5029 598 5098 1
