4352 5646
418 207 1463 318 PRINCIPIAMATHEMAthA.
1631 207 1723 342 361
1851 321 1853 328 ψ

19 397 27 456 l
163 390 248 494 stra,
283 403 405 507 quam
435 385 571 472 versus
602 377 787 498 pulsuum
819 380 970 466 rariora
1001 377 1244 477 intervalla;
1287 403 1421 494 eoque
1453 376 1571 490 pad'to
1599 375 1724 464 tarius
1740 373 1945 518 silcfflm

19 525 27 580 l
162 515 321 628 semper
348 511 566 598 evadente
592 509 760 618 regione
789 505 1093 590 intervallorum
1120 529 1167 585 ac
1199 501 1357 587 densrus
1388 527 1412 586 e
1442 500 1612 611 regione
1638 501 1726 610 pul·
1949 490 1957 510 '

19 651 24 704 l
161 643 291 732 suum,
336 632 591 746 participabit
621 627 848 716 eorundem
874 645 1047 711 motum.
1104 619 1160 708 Et
1194 619 1387 736 quoniam
1417 624 1604 734 pulsuum
1635 648 1729 732 pro·

18 777 23 834 l
160 761 355 874 grellivus
388 779 523 844 motus
556 756 687 840 oritur
716 783 739 838 a
768 772 965 864 perpetua
1002 749 1250 834 relaxatione
1283 750 1459 859 partium
1493 747 1726 834 denfiorum

18 903 21 956 t
160 885 295 971 versus
313 880 597 968 antecedentia
622 877 828 963 intervalla
847 875 996 960 rariora
1020 911 1030 970 ;
1061 871 1104 956 dt
1123 873 1255 982 pullus
1274 873 1418 958 eadem
1437 873 1524 958 fere
1543 875 1726 960 celerita-

18 1029 19 1034 ‘
160 1027 203 1091 te
223 1009 305 1092 sele
326 1006 368 1090 in
388 1003 514 1089 medii
536 1021 670 1114 partes
699 997 952 1112 quiescentes
987 995 1081 1093 ΚΔ,
1106 995 1190 1078 NO
1209 995 1303 1079 hinc
1331 995 1427 1081 inde
1447 997 1625 1083 relaxare
1651 999 1723 1085 de·

159 1129 260 1216 bent
283 1167 294 1226 ς
324 1127 453 1240 pulsus
472 1127 527 1210 illi
547 1125 692 1212 eadem
711 1123 797 1208 fere
817 1122 1025 1207 celeritate
1044 1120 1126 1205 lese
1139 1121 1362 1204 dilatabunt
1378 1120 1561 1234 undique
1580 1124 1621 1207 in
1641 1123 1724 1233 spa·

158 1251 216 1335 tia
237 1253 406 1336 immota
431 1247 477 1332 K
478 1245 528 1346 L,
547 1243 644 1338 ΝΟ,
669 1271 749 1358 qua
768 1263 1042 1355 propagantur
1060 1239 1213 1328 utreee
1236 1269 1258 1327 a
1276 1265 1421 1327 centro
1443 1246 1489 1328 A
1500 1281 1513 1343 ς
1542 1247 1723 1359 ideoque

160 1374 332 1485 spatium
353 1394 488 1456 totum
514 1367 692 1454 KLON
708 1369 979 1478 occupabunt.
1037 1363 1163 1490 QE.
1183 1367 1247 1449 D.
1301 1365 1402 1451 Hoc
1430 1371 1666 1480 experimur
1682 1375 1725 1457 in

159 1497 280 1590 sonis,
308 1495 379 1610 qui
407 1493 471 1578 vel
499 1513 641 1579 monte
668 1489 909 1603 interposito
946 1489 1181 1587 audiuntur,
1217 1488 1283 1573 vel
1313 1489 1356 1573 in
1385 1489 1619 1576 cubiculum
1652 1519 1725 1606 per

157 1619 372 1706 fenelltam
393 1615 550 1702 admillt
566 1615 647 1700 sele
674 1615 717 1699 in
737 1639 879 1698 ornnes
897 1613 1076 1697 cubiculi
1097 1633 1229 1726 partes
1249 1612 1431 1712 dilatant,
1457 1615 1583 1729 inque
1601 1643 1726 1728 angu-

157 1747 207 1830 lis
234 1743 423 1829 omnibus
445 1739 679 1837 audiuntur,
706 1764 789 1822 non
817 1758 898 1821 tarn
924 1736 1109 1822 reflexia
1132 1738 1351 1848 parietibus
1377 1739 1582 1852 oppofitis,
1601 1768 1724 1856 quam

157 1899 182 1956 a
202 1870 373 1956 fenestra
396 1862 549 1951 direde
570 1864 795 1975 propagati,
822 1883 1020 1976 quantum
1048 1863 1232 1948 exsensu
1249 1860 1434 1972 judicare
1452 1866 1561 1950 licet.
1672 1883 1675 1890 ’

214 1994 307 2102 Cast
328 2021 363 2092 3.
398 1989 603 2076 Ponamus
632 1988 810 2100 denique
841 1988 955 2099 quod
983 2010 1120 2098 motos
1144 1985 1420 2101 cujuscunque
1446 1993 1605 2099 generis
1632 2016 1727 2102 pro·

157 2137 329 2230 pagetur
348 2115 397 2198 ab
427 2117 558 2224 Aper
584 2113 769 2197 foramen
791 2111 902 2194 BC.-
931 2111 974 2195 dc
996 2112 1192 2224 quoniam
1220 2113 1459 2221 propagatio
1477 2113 1546 2198 ilia
1564 2141 1647 2200 non
1666 2117 1726 2216 fit,

155 2243 233 2328 nifi
260 2236 461 2354 quatenus¹
480 2257 614 2346 partes
644 2235 770 2318 medii
792 2255 937 2319 centro
958 2239 1008 2320 A
1026 2236 1239 2346 propiores
1268 2256 1415 2344 urgent
1442 2261 1727 2327 commovent·

158 2390 242 2479 que
262 2381 394 2474 partes
420 2359 662 2456 ulteriorem
692 2357 735 2441 dc
755 2379 999 2472 partesque
1024 2379 1221 2468 urgentur
1241 2357 1382 2442 fluidae
1410 2359 1514 2460 sunt,
1541 2365 1724 2479 ideoque

113 2501 116 2508 “
159 2488 363 2576 recedunt
393 2483 714 2598 quaquaversum
747 2482 790 2567 in
820 2484 1007 2592 regiones
1041 2481 1111 2565 ubi
1141 2481 1272 2566 minus
1303 2505 1572 2592 premuntur:
1610 2514 1725 2574 rece·

159 2613 260 2698 dent
296 2607 455 2710 eaedem
486 2605 620 2692 versus
647 2604 774 2689 medii
795 2631 929 2716 patres
956 2614 1105 2716 ¹onines
1141 2603 1408 2717 quiescentes,
1435 2627 1517 2692 tam
1545 2610 1726 2706 laterales

157 2733 246 2822 KL
267 2731 309 2816 dc
324 2731 422 2830 ΝΟ,
449 2755 572 2844 quam
590 2729 812 2814 anteriores
834 2729 951 2849 PQ
979 2757 1114 2845 eoque
1139 2732 1418 2841 patlo'motus
1437 2735 1583 2834 omnis,
1600 2762 1724 2850 quam

156 2859 339 2974 primum
365 2882 438 2967 per
457 2853 642 2941 foramen
671 2853 750 2942 BC
770 2857 935 2952 transiit,
963 2857 1122 2941 dilatati
1144 2857 1314 2968 incipiet
1342 2859 1384 2944 dc
1406 2859 1504 2946 inde
1528 2861 1723 2976 tanquam

156 3011 180 3068 a
200 2981 405 3096 principio
432 2977 476 3064 &
494 3001 655 3076 centro,
682 2980 724 3065 in
751 3002 883 3092 partes
904 2989 1046 3068 omnes
1072 2981 1235 3068 directe.
1249 2985 1475 3099 propagati.
1517 2986 1641 3104 QE.
1660 2991 1724 3076 D.

205 3201 681 3324 Pxopost'Tto
711 3208 878 3320 xc'ttrss
946 3181 1390 3322 '‘sitnoncn'ta
1437 3231 1668 3332 xxxtv.

158 3405 322 3540 Corpus
353 3403 477 3500 omne
510 3399 746 3498 tremulam
789 3399 837 3497 in
879 3389 1018 3498 mealia
1064 3399 1234 3529 clastico
1258 3405 1527 3539 propagabit
1558 3441 1722 3512 motum

219 3541 431 3680 pulsuum
462 3539 656 3674 undique
687 3536 735 3636 in
769 3537 1019 3664 dirutum
1066 3539 1113 3640 in
1148 3541 1288 3642 medio
1322 3578 1423 3654 vero
1445 3583 1529 3646 non
1554 3549 1722 3682 clastico

227 3707 390 3779 motum
414 3677 675 3776 circularem
699 3675 918 3778 excitabit.
982 3770 986 3778 .

208 3923 306 4030 cast
321 3951 354 4007 r.
380 3923 488 4008 Nam
511 3939 645 4034 partes
672 3927 863 4037 corporis
880 3925 1045 4012 tremuli
1075 3926 1231 4014 vicibus
1249 3929 1412 4028 alternis
1439 3929 1580 4018 eundo
1598 3933 1642 4017 dc
1660 3961 1725 4022 re·

156 4047 341 4144 denudo,
368 4048 429 4132 itu
458 4047 531 4130 luo
550 4045 752 4163 urgebunt
773 4048 817 4132 dc
839 4051 1074 4162 propellent
1101 4073 1235 4160 partes
1256 4055 1383 4140 medii
1405 4055 1476 4142 fibi
1506 4061 1726 4170 proximas,

157 4169 202 4256 dc
220 4169 716 4283 urgendocompriment
742 4171 903 4258 easdem
938 4172 983 4258 dc
1007 4175 1340 4274 condensabunt;
1368 4179 1465 4266 dein
1488 4181 1624 4280 reditu
1650 4183 1724 4268 suo

158 4292 286 4382 fiuent
322 4314 455 4407 partes
496 4289 737 4405 comprelsas
769 4295 965 4381 recedere
994 4295 1037 4382 dt
1065 4296 1147 4383 lese
1175 4303 1419 4411 expandere.
1474 4301 1601 4412 Igitur
1635 4335 1724 4420 par·

159 4435 221 4504 tes
245 4420 371 4506 medii
401 4422 571 4534 corpori
602 4421 781 4507 tremulo
809 4424 1009 4535 proxime
1041 4421 1159 4511 ibunt
1199 4425 1244 4510 dc
1277 4429 1470 4514 redibunt
1498 4455 1572 4542 per
1602 4433 1727 4532 vices,

158 4542 212 4626 ad
233 4543 349 4628 instat
376 4548 554 4657 partium
594 4547 782 4659 corporis
820 4551 923 4634 illius
959 4552 1151 4635 tremuli:
1195 4549 1351 4666 &qua
1391 4554 1549 4640 tatione
1592 4577 1726 4667 partes

156 4667 346 4777 corporis
367 4670 484 4778 ltuJus
507 4670 711 4782 agitabant
733 4672 849 4760 hasce
869 4674 995 4758 medii
1017 4696 1165 4786 partes,
1193 4676 1255 4760 hae
1274 4677 1465 4764 limilibus
1479 4679 1727 4764 tremoribus

155 4791 319 4900 agitatae
341 4790 551 4898 agitabunt
576 4813 711 4906 partes
736 4795 806 4880 fibi
837 4797 1059 4910 proximas,
1086 4825 1227 4912 eaeque
1255 4800 1433 4887 similiter
1459 4802 1620 4910 agitatae
1645 4798 1728 4908 agi-

157 4915 300 5002 tabunt
325 4913 554 5014 ulteriores,
584 4917 628 5001 δι
647 4917 701 5004 stc
720 4917 916 5033 deinceps
943 4923 984 5006 in
1011 4922 1228 5010 infinitum.
1287 4921 1341 5009 Et
1374 4919 1727 5036 quemadmodum

883 5047 923 5128 A
946 5071 1008 5130 aa
1602 5044 1731 5132 medii
