4450 5674
976 187 1504 290 EDITORIS

462 357 567 446 quos
586 334 668 450 ipsa
683 341 823 431 tribuit
841 365 993 440 natura.
1047 349 1206 439 Verum
1225 353 1295 439 ubi
1314 352 1518 438 licentiam
1540 347 1610 435 irbi
1638 345 1849 446 assumunt,
1868 358 2038 462 ponenss

463 461 508 543 di
525 461 788 580 quascunque
811 473 909 558 libet
938 474 1096 586 ignotas
1123 478 1296 588 partium
1315 477 1461 586 figuras
1486 473 1528 558 dt
1550 472 1862 582 magnitudines,
1889 475 2034 562 incer·

464 587 608 700 tosque
628 590 720 676 srtus
740 595 782 678 dt
803 617 956 696 motus;
985 601 1085 714 quin
1103 601 1147 686 dc
1165 601 1347 714 fingendi
1370 599 1497 686 fluida
1516 599 1706 712 quaedam
1729 601 1904 693 occulta,
1927 625 2032 712 quae

463 734 685 823 corporum
703 742 825 828 poros
845 721 1049 806 liberrime
1061 744 1288 835 permeent,
1307 724 1591 832 omnipotente
1605 721 1776 834 praedita
1790 721 2032 832 subtilitate,

463 838 722 952 motibusque
746 845 916 928 occultis
936 846 1105 954 agitata;
1130 845 1211 954 jam
1227 846 1278 931 ad
1304 848 1456 932 somnia
1477 845 1734 943 delabuntur,
1761 843 1941 952 neglesla
1956 876 2028 935 re·

463 987 555 1045 rum
581 966 872 1054 constitutione
906 998 1015 1055 vera:
1044 996 1137 1084 quae
1163 972 1253 1056 sane
1279 969 1418 1056 frustra
1445 968 1620 1080 petenda
1645 968 1702 1053 ell
1733 995 1784 1052 ex
1816 969 2025 1058 fallacibus

458 1087 718 1196 comessuris,
749 1119 845 1179 cum
866 1099 935 1182 vix
954 1097 1076 1181 etiam
1106 1122 1178 1207 per
1204 1095 1440 1182 certissimas
1473 1094 1770 1178 observationes
1794 1093 2024 1204 intelligam

461 1215 593 1325 poffit.
650 1217 736 1328 Qui
769 1219 1088 1331 speculationum
1113 1224 1271 1308 suarum
1304 1221 1613 1306 fundamentum
1643 1217 1859 1302 desumunt
1878 1221 1927 1304 ab
1947 1223 2023 1332 hy-

461 1340 707 1450 pothesrbus3
737 1347 888 1430 etiamst
908 1347 1058 1432 deinde
1080 1346 1304 1432 secundum
1322 1347 1430 1454 leges
1451 1344 1703 1428 mechanicas
1726 1343 2022 1429 accuratislime

459 1467 707 1576 procedanta
746 1467 919 1556 fabulam
947 1472 1118 1585 quidem
1146 1474 1373 1582 elegantem
1393 1471 1501 1556 forte
1527 1468 1570 1552 ἃ
1597 1467 1815 1580 vepullam,
1845 1465 2020 1558 fabulam

461 1613 597 1677 tamen
623 1593 867 1680 concinnare
888 1597 1055 1682 dicendi
1075 1596 1177 1682 sunt.

407 1736 421 1789 'r
510 1717 775 1830 Relinquitur
804 1721 909 1804 adeo
936 1725 1103 1808 tertium
1135 1745 1277 1830 genus,
1304 1723 1374 1836 qui
1395 1717 1689 1829 philosophiam
1722 1716 1875 1804 scilicet
1896 1743 2019 1828 expe·

456 1841 712 1928 rimentalem
730 1845 986 1952 profitentur.
1042 1845 1105 1930 Hi
1122 1847 1291 1960 quidem
1313 1872 1366 1930 ex
1385 1843 1674 1954 fimplicilsrmis
1693 1844 1838 1955 quibus
1859 1841 2020 1954 possunt

456 1967 663 2078 principiis
685 1996 821 2055 rerum
845 1974 1029 2058 omnium
1048 1971 1182 2055 causas
1202 1969 1442 2054 derivandas
1466 1965 1544 2050 elle
1570 1967 1729 2050 volunt:
1760 1969 1859 2052 nihil
1882 1991 2018 2058 autent

455 2090 645 2200 principii
670 2092 764 2177 loco
789 2091 1008 2192 assumunt,
1035 2092 1151 2208 quod
1178 2095 1363 2180 nondum
1393 2119 1446 2176 ex
1475 2093 1753 2202 phoenomenis
1776 2097 2018 2204 comproba·

455 2232 543 2298 tum
571 2213 705 2302 suerit.
761 2215 1022 2331 Hypotheses
1055 2246 1138 2304 non
1168 2218 1547 2314 comminiscuntur,
1582 2243 1716 2328 neque
1750 2220 1791 2300 in
1818 2217 2019 2328 physicam

454 2339 672 2449 recipiunt,
699 2340 771 2424 nist
798 2363 844 2424 ut
865 2343 1105 2454 quaestiones
1124 2341 1178 2426 de
1197 2367 1368 2454 quarum
1383 2341 1552 2422 veritate
1571 2337 1809 2449 disputetur.
1851 2337 2019 2452 Duplici

447 2459 590 2574 ¹itaque
608 2463 809 2548 methodo
834 2465 1048 2565 incedunt,
1076 2466 1272 2575 analytica
1295 2463 1337 2547 ἃ
1358 2461 1593 2574 synthetica.
1650 2461 1818 2546 Naturae
1839 2463 1942 2549 vires
1962 2469 2019 2554 le·

450 2585 602 2699 gesque
617 2585 764 2671 virium
779 2587 1040 2698 simpliciores
1059 2615 1112 2673 ex
1128 2587 1279 2672 selesiis
1294 2583 1533 2698 quibusdam
1548 2585 1825 2694 phaenomenis
1840 2612 1912 2697 per
1925 2614 2019 2674 ana·

449 2707 548 2816 lysrn
569 2708 797 2806 deducunt,
823 2709 1041 2824 exquibus
1063 2709 1215 2794 deinde
1238 2732 1311 2817 per
1327 2705 1528 2818 synthesrn
1546 2707 1796 2817 reliquorum
1822 2707 2018 2796 constitu·

449 2831 608 2916 tionem
621 2833 798 2918 tradunt.
855 2831 964 2918 Haec
983 2836 1047 2916 illa
1060 2833 1117 2916 est
1132 2831 1440 2942 philosophandi
1456 2832 1559 2915 tatio
1579 2831 1702 2940 longe
1716 2833 1882 2942 optima,
1892 2861 2016 2950 quam

447 2979 534 3070 prae
558 2955 716 3040 caeteris
736 2955 886 3040 merito
904 2953 1230 3066 ample-:siendum
1243 2953 1398 3038 censuit
1412 2952 1699 3040 celeberrimus
1712 2953 1853 3042 ausint
1870 2961 2017 3048 noller.

447 3078 572 3168 Hanc
592 3083 716 3168 solam
734 3081 1057 3194 utiquedignam
1074 3081 1287 3189 judicavit,
1315 3081 1461 3192 inqua
1493 3079 1719 3166 excolenda
1747 3103 1870 3198 atque
1896 3087 2016 3172 ador·

446 3207 578 3294 nanda
606 3231 775 3319 operam
802 3206 912 3290 suam
936 3207 1171 3290 collocaret.
1241 3201 1380 3308 Hujus
1408 3203 1532 3312 igitur
1565 3203 1868 3294 illusttissimum
1895 3209 2014 3297 dedit

446 3333 700 3443 exemplum,
733 3329 928 3416 mundani
963 3355 1111 3442 nempe
1140 3326 1358 3440 systematis
1371 3327 1689 3438 explicationem
1709 3356 1732 3412 e
1751 3331 1908 3417 theoria
1923 3358 2013 3442 gra·

445 3458 580 3539 uitatis
599 3457 829 3542 'selicissrme
846 3453 1071 3541 dedusiam.
1101 3453 1324 3539 Gravitatis
1346 3453 1541 3538 virtutem
1562 3453 1753 3540 univetfis
1773 3459 2014 3566 corporibus

444 3575 583 3671 inesse,
611 3575 797 3687 suspicati
816 3577 907 3661 sunt
927 3579 993 3660 vel
1012 3579 1217 3662 linxerunt
1242 3577 1329 3658 alii:
1357 3575 1509 3686 primus
1527 3576 1593 3660 ille
1623 3577 1666 3659 dc
1696 3577 1801 3660 solus
1826 3605 2012 3694 exappa·

445 3703 585 3787 tentiis
617 3700 894 3787 demonstrare
920 3702 1070 3811 potuit,
1108 3699 1151 3784 δι
1178 3697 1518 3812 speculationibus
1541 3703 1713 3814 egregiis
1741 3702 2011 3794 firmilsrmum

444 3852 601 3940 ponere
619 3827 944 3915 fundamentum.

499 3951 596 4036 Scio
619 3953 814 4066 equidem
842 3951 1058 4037 nonnullos
1084 3953 1219 4061 magni
1242 3953 1365 4036 etiam
1392 3947 1567 4037 nominis
1587 3955 1711 4049 viros,
1763 3955 2010 4066 praejudiciis

444 4079 684 4188 quibusdam
714 4080 801 4189 plus
828 4102 948 4190 aequo
978 4097 1221 4186 occupatos,
1260 4078 1356 4161 huic
1381 4101 1492 4174 nouo
1522 4079 1724 4188 principio
1755 4105 1863 4188 aegre
1885 4079 2011 4170 alsen—
2112 4149 2114 4153 ,

446 4211 513 4293 tiri
535 4209 721 4322 potuisse,
749 4209 795 4294 δε
817 4210 938 4292 certis
957 4210 1112 4292 incerta
1137 4206 1366 4292 identidem
1396 4205 1624 4317 praetulisse.
1659 4205 1828 4295 Horum
1860 4209 2009 4300 samam

445 4335 634 4420 vellicare
652 4361 738 4420 non
761 4333 818 4416 ell
842 4332 1015 4417 animus:
1036 4331 1110 4420 tibi
1129 4333 1281 4440 potius,
1298 4329 1498 4415 benevole
1524 4330 1666 4431 ledor,
1704 4331 1770 4416 illa
1788 4335 1924 4444 paucis
1939 4361 2010 4419 ex·

444 4483 599 4568 ponere
619 4457 747 4552 lubet,
770 4457 985 4570 exquibus
1009 4473 1098 4538 tute
1112 4454 1196 4565 ipse
1209 4453 1413 4562 judicium
1432 4479 1515 4539 non
1545 4453 1732 4567 iniquum
1757 4456 1876 4541 seras.

497 4583 625 4692 Igitur
646 4603 691 4666 ut
710 4583 938 4691 argumenti
954 4582 1132 4665 sumatur
1151 4580 1404 4666 exordiuma
1423 4577 1716 4691 srmplicillimis
1731 4578 1774 4664 dt
1788 4579 2006 4691 proximis;

443 4710 700 4824 dispiciamus
732 4709 934 4820 paulisper
952 4702 1095 4820 'qualis
1123 4707 1170 4791 srt
1196 4707 1240 4789 in
1263 4706 1516 4791 terrestribus
1545 4724 1687 4792 natura
1706 4706 1931 4814 gravitatis,
1959 4727 2006 4792 ut

441 4839 608 4974 deinde·
622 4838 747 4926 tutius
766 4834 1078 4951 progrediamur
1093 4835 1233 5019 ubisad
1254 4860 1432 4952 corpora
1448 4830 1631 4933 caelestia,
1665 4831 2005 5030 longishmedabsg

1916 4971 1929 5028 r
