4352 5646
419 251 820 354 PRINCIPIA
865 239 1468 348 MATHEMATICA.
1631 272 1730 376 429

16 445 17 496 ἱ
164 427 242 511 SK
256 413 306 510 ad
327 417 414 520 SP,
441 418 578 532 &ipli
596 415 682 524 PT
702 437 842 538 agatur
864 416 1047 530 parallelo
1073 413 1177 500 LM
1185 451 1198 512 a
1226 413 1318 502 &fi
1342 427 1513 525 gravitas
1530 420 1729 505 accelera·
1787 409 1917 472 ΜΗ

165 551 393 634 trixterrae
421 545 464 628 in
493 545 619 628 solem
646 564 873 651 exponatur
901 567 974 652 per
1000 539 1227 625 distantiam
1254 540 1327 625 ST
1346 543 1410 626 vel
1435 542 1521 640 SK,
1549 544 1628 628 erit
1658 488 1944 627 Shuni-uus,

163 670 335 779 gravitas
352 667 614 751 accelerastix
632 667 737 750 lunae
752 665 794 748 in
811 665 948 748 solem.
1004 661 1065 750 Ea
1090 665 1354 774 componitur
1368 693 1422 753 ex
1439 665 1618 777 partibus
1632 664 1735 764 SM,

164 794 274 891 LM,
301 818 475 906 quatum
503 789 606 873 LM
629 789 671 873 ἃ
699 789 817 899 ipsrus
844 789 932 872 SM
948 813 1037 898 pars
1064 787 1161 870 TM
1180 790 1391 900 perturbat
1423 812 1582 876 motum
1610 793 1733 880 lunaes

161 939 208 1003 ut
229 920 272 1004 in
286 917 377 1003 libri
397 917 517 1027 primi
534 920 785 1026 proptuxvt.
815 912 858 996 ἃ
880 910 963 1021 ejus
975 912 1196 998 corollariis
1218 916 1446 1025 expositum
1461 916 1530 1000 eli.
1570 917 1727 1028 Quate-

162 1069 239 1128 nus
261 1062 366 1126 terra
388 1041 429 1121 ἃ
458 1042 551 1123 luna
579 1040 737 1122 circum
763 1063 983 1122 commune
1009 1037 1213 1146 gravitatis
1230 1059 1422 1122 centrum
1447 1040 1733 1136 revolvuntur,

161 1160 466 1278 perturbabitur
508 1161 632 1246 etiam
677 1179 813 1245 motus
852 1182 971 1245 terrae
1015 1160 1123 1246 circa
1165 1180 1352 1245 centrum
1388 1163 1488 1249 illud
1524 1164 1728 1248 aviribus

13 1325 15 1380 ;
164 1289 465 1385 confimilibus;
493 1286 563 1372 sed
593 1285 766 1370 summas
792 1305 874 1370 tam
906 1283 1054 1367 virium
1080 1309 1203 1398 quam
1232 1306 1421 1370 motuum
1446 1285 1599 1373 referre
1630 1288 1727 1371 licet

12 1485 14 1498 .
164 1415 215 1499 ad
247 1416 397 1510 lunam,
430 1410 473 1495 δι
500 1411 671 1496 summas
696 1409 844 1494 virium
872 1434 945 1520 per
968 1407 1090 1492 linea's
1116 1408 1205 1519 ipfis
1232 1411 1422 1518 analogas·
1441 1410 1535 1495 TM
1555 1410 1598 1495 δι
1630 1408 1730 1516 ML

12 1579 13 1596 ÷
165 1536 384 1647 defignare.
439 1531 515 1622 Vis
543 1532 638 1616 ML
663 1533 705 1617 in
732 1533 934 1617 mediocri
963 1530 1028 1614 sua
1055 1533 1280 1643 quantitate
1313 1533 1443 1618 estad
1466 1535 1550 1620 vim
1577 1534 1730 1620 centri·

11 1705 14 1756 ς
163 1685 315 1774 petam,
346 1687 426 1774 qua
446 1661 538 1742 luna
556 1659 598 1742 in
617 1657 719 1742 orbe
740 1657 812 1740 suo
832 1657 943 1739 circa
960 1671 1111 1738 terram
1127 1654 1407 1768 quiescentem
1428 1659 1480 1744 ad
1499 1657 1744 1745 distantiam,

11 1831 13 1882 ;
164 1787 250 1874 PT
262 1787 418 1874 revolvi
440 1783 582 1896 pollet,
610 1785 651 1867 in
678 1783 880 1894 duplicata
902 1782 1058 1866 ratione
1078 1799 1312 1893 temporum
1339 1784 1647 1890 periodicorum
1666 1785 1730 1870 lu·

163 1938 228 2000 nae
257 1914 366 1997 circa
391 1929 540 1995 terram
567 1907 610 1992 &
638 1929 758 1990 terrae
798 1907 906 1989 circa
935 1903 1061 1989 solem
1090 1904 1182 2014 (per
1208 1907 1335 1993 corol.
1366 1934 1423 2011 17.
1465 1932 1580 2022 prop.
1607 1935 1726 1994 nxvr.

10 2079 12 2130 ÷
161 2034 231 2117 lib.
256 2037 312 2140 r.)
331 2033 410 2116 hoc
435 2029 506 2127 est,
533 2029 574 2114 in
602 2027 804 2140 duplicata
829 2025 987 2110 ratione
1014 2025 1174 2111 dierum
1203 2056 1266 2128 27.
1297 2030 1386 2115 hor.
1404 2058 1437 2133 7.
1467 2031 1562 2116 min.
1583 2061 1645 2137 43.
1674 2029 1734 2115 ad'·

161 2157 249 2240 dies
273 2162 361 2258 365.
389 2155 480 2236 hor.
502 2159 538 2233 6.
567 2150 663 2234 min.
684 2177 723 2257 9.
751 2148 884 2245 idest,
912 2165 958 2231 ut
988 2173 1091 2228 1000
1118 2147 1171 2232 ad
1194 2152 1361 2253 178725,
1388 2151 1495 2237 seur
1521 2151 1571 2236 ad
1596 2153 1728 2257 178-24.

163 2281 394 2367 Invenimus
422 2279 560 2358 aut‘em
585 2274 627 2357 in
645 2269 922 2382 propolitione
945 2289 1086 2380 quarta
1104 2271 1237 2383 quod,
1261 2273 1290 2356 sr
1316 2294 1423 2358 tetra
1444 2274 1487 2358 dc
1512 2277 1603 2360 luna
1618 2279 1735 2365 circa

163 2425 386 2490 commune
405 2396 609 2506 gravitatis
633 2412 819 2478 centrum
838 2392 1110 2490 revolvantur,
1138 2419 1277 2479 earum
1296 2393 1486 2483 distantia·
1506 2400 1738 2487 mediocris·

164 2527 214 2612 ab
242 2523 417 2609 invicem
437 2519 515 2604 erit
540 2525 619 2607 604«
641 2515 1033 2600 semidiamettorum
1060 2515 1333 2603 mediocrium
1361 2540 1483 2605 terrae
1508 2546 1730 2635 quampro-

162 2649 289 2736 xime.
344 2641 400 2728 Et
423 2641 482 2724 vis
502 2667 581 2752 qua
597 2641 689 2723 luna
708 2641 749 2722 in
770 2636 870 2721 orbe
889 2637 998 2721 circa
1020 2656 1169 2723 terram
1197 2641 1489 2753 quiescentem,
1513 2645 1564 2730 ad
1585 2643 1728 2731 dilian—

163 2773 262 2854 tiam
280 2767 366 2852 'PT
378 2763 770 2849 semidiametrorum
793 2759 1040 2847 terrestrium
1057 2771 1131 2852 601·
1150 2766 1304 2850 revolvi
1322 2764 1464 2876 pollet,
1491 2767 1547 2854 est
1565 2773 1612 2856 ad
1631 2772 1742 2864 vim„

162 2922 242 3008 qua
263 2891 411 2977 eodem
440 2909 628 2998 ternpore
656 2886 707 2969 ad
738 2884 963 2970 distantiam
982 2885 1377 2977 semidiametrorum
1400 2898 1451 2974 60
1469 2895 1624 2979 revolvi
1636 2896 1729 3008 pos·

162 3022 237 3118 let,
263 3039 309 3101 ut
337 3020 411 3102 6οτΙ
433 3013 482 3099 ad
508 3021 582 3108 603
610 3008 656 3095 ἀ
679 3011 767 3094 haec
801 3011 860 3092 vis
890 3009 941 3094 ad
968 3009 1051 3094 vim
1081 3013 1287 3120 gravitatis
1313 3014 1421 3124 apud
1449 3040 1523 3100 nos
1551 3038 1597 3101 ut
1623 3045 1641 3099 1
1674 3020 1736 3107 ad

165 3151 326 3234 60><60
343 3135 666 3252 quamproxime.
721 3131 904 3245 Ideoque
930 3133 990 3216 vis
1021 3133 1242 3220 mediocris
1266 3135 1360 3219 ML
1381 3138 1506 3222 estad
1526 3139 1609 3224 vim
1634 3167 1729 3251 gra·

162 3267 295 3351 vitatis
317 3265 359 3347 in
385 3260 595 3370 superficie
615 3279 745 3351 terrae,
773 3275 818 3338 ut
848 3261 1001 3344 1x60l
1027 3257 1078 3340 ad
1104 3261 1577 3364 60x60x60x178-2--t,
1603 3264 1672 3349 seu
1705 3294 1731 3350 n

164 3392 216 3474 ad
238 3401 262 3470 6
267 3389 433 3492 38092,6
503 3383 603 3468 lnde
626 3405 727 3462 vero
747 3380 790 3462 δι
812 3407 865 3464 ex
884 3381 1152 3491 proportione
1177 3385 1371 3470 linearum
1397 3383 1499 3485 TM,
1527 3387 1636 3488 ML,
1655 3389 1737 3476 da=

163 3535 231 3597 tur
257 3512 379 3596 etiam
402 3511 461 3594 vis
479 3507 572 3590 TM
581 3537 595 3586 :
623 3505 665 3588 &
684 3506 748 3589 hae
772 3503 862 3590 sunt
884 3506 990 3590 vires
1012 3504 1102 3592 solis
1121 3509 1269 3622 quibus
1285 3511 1392 3597 lunae
1411 3531 1544 3599 motus
1564 3530 1733 3626 pertur-

161 3643 319 3728 bantur.
378 3631 563 3756 Qut.

264 3847 732 3949 PROPOSITlo
780 3847 963 3949 XXVI.
1045 3851 1471 3955 PRouLEMA
1514 3858 1627 3963 Vll.

162 4025 368 4131 Invenire
402 4026 716 4124 incrementum
761 4024 988 4124 horarium
1024 4064 1138 4127 areae
1165 4065 1303 4164 quam
1336 4029 1459 4158 ligno,
1507 4034 1633 4135 radio
1665 4033 1746 4134 (κί’

452 4205 620 4276 terram
640 4177 781 4302 dubio,
818 4175 866 4278 in
893 4176 991 4276 orbe
1015 4177 1222 4280 circulari
1243 4181 1457 4304 describit.

215 4411 404 4500 Diximus
427 4435 576 4510 aream,
602 4434 723 4523 quam
743 4411 844 4496 luna.
864 4406 982 4494 radio
1006 4410 1056 4496 ad
1084 4429 1233 4498 terram
1259 4411 1384 4502 dudio
1414 4415 1624 4521 deloribit,
1646 4417 1738 4513 elle*

165 4537 340 4644 tempori
358 4533 717 4645 proportionalem,
744 4531 815 4616 nid
833 4553 1030 4645 quatenus
1050 4555 1185 4620 motus
1212 4537 1359 4623 lunaris
1385 4541 1434 4625 ab
1455 4542 1612 4629 allione
1634 4546 1726 4633 lolis

163 4656 360 4741 turbatur.
414 4655 965 4768 lnaequalitatemmomenti,
996 4659 1061 4742 vel
1088 4659 1331 4746 incrementi
1353 4661 1501 4748 horarii
1522 4667 1588 4750 hie
1614 4667 1727 4762 invo-

163 4777 385 4890 stigandam
411 4779 688 4889 proponimus.
742 4777 800 4862 Ut
828 4783 1090 4891 computatio.
1108 4783 1265 4868 facilior
1292 4783 1502 4884 reddatur,
1528 4785 1734 4894 fingamus*

162 4905 307 4992 orbem
325 4903 436 4988 lunae
458 4903 697 4990 circularem
719 4901 814 5005 elie,
840 4903 884 4990 δι
910 4907 1199 5020 inaeqpalitates
1223 4933 1364 4996 omnes
1386 4910 1649 5019 negligamus,
1677 4939 1741 4997 ear

1646 5031 1739 5120 solu.
