4312 5652
397 203 798 302 PRINCIPIA
845 197 1447 302 MATHEMATICA.
1615 206 1706 302 161

110 393 403 458 communem
432 369 575 480 aequali
595 388 713 452 motu
731 367 922 478 angulari,
954 390 1177 486 propterea·
1189 368 1305 482 quod
1329 372 1372 454 in
1391 367 1592 456 direilum
1607 371 1705 456 sem.
1762 377 1887 436 Lm*

17 488 22 532 ³
109 518 199 607 per
233 497 418 606 jacentes
446 521 530 610 pon
560 512 719 579 mutant
746 495 1052 578 inclinationem
1082 495 1133 578 ad
1166 495 1205 579 se
1233 517 1391 581 mutuo.
1464 495 1608 582 Lineae
1638 523 1706 582 au·
1747 457 1767 520 1³
1777 475 1913 519 ⁸⁸⁸⁸⁸⁸

110 640 210 704 tem
239 622 381 717 rediae‚
408 623 502 734 qute
529 615 617 702 sunt
648 619 814 704 indata
846 620 1005 703 ratione
1037 618 1089 730 cd
1117 620 1309 715 invicem,
1349 618 1393 704 dc
1416 621 1559 733 aequali
1587 642 1707 707 motu

106 748 312 852 angulari
337 749 496 830 circum
518 747 715 830 terminos
735 746 826 829 suos
847 745 1054 841 seruntur,
1083 746 1228 855 figuras
1254 748 1413 832 circum
1438 747 1603 832 eosdem
1626 768 1707 834 ter.

106 869 266 954 minos
294 871 337 955 in
366 871 509 981 planis,
537 895 631 982 quae
650 877 845 984 unacum
870 871 931 954 his
952 871 1136 954 terminis
1164 874 1228 955 vel
1250 872 1478 983 quiescunt,
1504 875 1569 957 vel
1588 893 1707 958 motu

103 995 278 1106 quovis
304 1023 390 1081 non
408 996 588 1102 angulati
605 985 838 1093 moventur,
864 995 1099 1081 describunt
1125 998 1296 1082 omnino
1315 997 1470 1082 similes.
1528 998 1705 1084 Proinde

104 1117 407 1364 {nilgsvsunt
451 1119 607 1228 ligurae,
629 1121 739 1236 quae
779 1121 841 1206 his
873 1119 1067 1206 distantiis
1106 1121 1363 1208 circumactis
1409 1122 1706 1210 describuntur.

238 1472 714 1570 PROPOSITIO
751 1472 924 1578 LV111.
988 1469 1431 1573 THEOREMA
1466 1478 1595 1572 XXI.

108 1633 170 1737 Si
202 1665 394 1778 corpora
418 1637 689 1740 duo-viribus
722 1637 942 1776 quibusvis
952 1645 1006 1762 se
1028 1666 1176 1738 mutuo
1203 1638 1403 1766 trahunt,
1442 1637 1504 1744 Εἴ
1534 1639 1705 1741 interea

187 1792 483 1892 revolvuntur
516 1793 638 1893 circa
663 1793 907 1930 gravitatis
939 1820 1139 1892 centrum
1165 1829 1423 1893 commune:
1470 1789 1564 1889 dico
1589 1795 1712 1926 quud

175 1942 373 2080 figuris)
412 1983 523 2082 quas
552 1975 733 2086 corpora
749 1947 823 2080 stc
846 1974 967 2047 mota
998 1945 1242 2069 describunt
1273 1945 1507 2068 circumse
1539 1970 1702 2068 mutuo,

181 2098 333 2232 potest
356 2095 517 2232 figura
536 2097 701 2229 fimilis
725 2097 787 2203 ἔθ’
820 2102 1021 2236 aqualis,
1060 2098 1226 2200 circum
1260 2125 1411 2239 corpus
1443 2098 1705 2198 alterutrum

193 2251 446 2380 immotum,
482 2249 650 2352 viribus
668 2251 822 2376 iisdem
844 2253 1044 2377 describi.

173 2490 468 2581 Revolvuntur
497 2519 677 2610 corpora
696 2497 739 2596 S,
771 2497 816 2580 P
842 2499 951 2584 circa
971 2521 1194 2584 commune
1217 2494 1423 2608 gravitatis
1446 2511 1635 2583 centrum
1656 2494 1705 2594 C,

113 2619 344 2726 pergendo
363 2619 417 2705 de
438 2617 542 2706 Sad
565 2621 613 2720 T,
644 2621 781 2735 deque
807 2622 850 2705 P
871 2624 923 2710 atl
953 2625 1009 2740 Q
1063 2625 1105 2708 A
1131 2624 1231 2710 dato
1261 2622 1416 2734 pund'to
1442 2649 1463 2699 s
1489 2621 1579 2732 ipfis
1605 2621 1639 2706 S
1647 2619 1705 2719 P,-

115 2738 230 2856 TQ
245 2741 418 2853 aequales
449 2741 493 2825 δε
523 2746 719 2855 parallelae
745 2744 947 2831 ducantur
977 2749 1135 2858 semper
1158 2765 1227 2860 sp,
1256 2771 1343 2860 sqt
1373 2741 1418 2826 &
1437 2759 1703 2857 curvapqvn

113 2888 253 2976 quam
272 2867 468 2974 punistum
475 2884 514 2979 p
534 2869 788 2957 revolvendo
817 2873 976 2958 circum
1002 2874 1200 2985 pundium
1218 2873 1439 2957 immotum
1455 2899 1477 2952 s
1495 2866 1704 2971 describit,

115 2991 204 3074 erit
232 2989 368 3078 fintilis
394 2989 439 3076 dc
462 2996 624 3108 aequalis
650 2999 796 3099 curvis,
823 3025 922 3112 quas
949 3023 1125 3111 corpora
1152 2999 1196 3095 S,
1229 2997 1272 3080 P
1291 2995 1524 3082 describunt
1543 2994 1702 3080 circum

116 3113 164 3202 se
180 3133 363 3204 mutuo:
390 3117 645 3234 proindeque
675 3125 768 3234 (per
794 3125 928 3214 theor.
947 3125 1037 3230 xx.)
1064 3123 1200 3212 limilit
1223 3120 1357 3208 curvis
1387 3117 1466 3207 ST
1484 3117 1528 3204 &
1551 3113 1705 3239 QV,
1820 3201 1822 3206 .

123 4321 226 4412 quas
258 4293 405 4383 eadem
438 4322 613 4416 corpora
646 4292 880 4385 describunt
913 4297 1072 4382 circum
1105 4313 1327 4380 commune
1360 4283 1565 4400 gravitatis
1600 4297 1701 4377 cen:

125 4443 234 4510 trum
263 4425 323 4510 C:
352 4423 480 4539 idque
511 4424 609 4542 quia
632 4423 922 4538 proportiones
947 4423 1145 4508 linearum
1164 4417 1248 4518 SC,
1275 4415 1374 4515 GP,
1395 4411 1441 4499 δι
1458 4410 1545 4499 SP
1560 4413 1625 4500 vel
1642 4431 1700 4529 sp

126 4546 374 4634 adinvicem
397 4548 557 4635 dantur.

183 4671 278 4782 Cast
294 4701 329 4756 1.
370 4671 606 4762 Commune
641 4669 743 4758 illud
769 4671 974 4780 gravitatis
1003 4684 1193 4754 centrum
1225 4665 1271 4765 C,
1304 4689 1378 4777 pet
1405 4662 1544 4774 legum
1566 4657 1701 4746 corol·

125 4796 272 4884 larium
293 4816 500 4913 quartum,
527 4801 594 4886 vel
613 4794 801 4913 quiescit,
826 4796 892 4882 vel
916 4812 1107 4882 movetur
1132 4788 1393 4877 uniformiter
1413 4789 1456 4873 in
1484 4781 1700 4871 direilum.

127 4921 333 5016 Ponamus
365 4927 517 5041 primo,
553 4922 668 5039 quod
696 4924 740 5011 id
769 4921 955 5132 quiescht,
990 4922 1115 5033 inque
1141 4945 1163 5002 s
1187 4914 1282 5028 &p
1309 4916 1498 5001 locentur
1524 4928 1701 5134 corpproa,
