4338 5656
268 391 314 449 sla
333 391 446 450 ntonnr

266 469 449 532 sussurrant

479 247 571 342 512
743 212 1773 314 PHILOSOPHIAENATURALIS

477 379 747 492 &superiora
775 381 841 466 vel
864 375 971 464 resia
1001 396 1156 486 petere,
1184 375 1214 460 fi
1242 402 1391 487 corpus
1422 377 1596 464 sumans,
1613 377 1811 490 quiescit;
1853 378 1923 461 vel
1952 374 2056 460 obli-

475 533 571 620 que,
591 506 616 588 li
638 531 787 616 corpus
811 502 1120 614 progrediendo
1140 503 1231 586 loca
1251 500 1410 613 semper
1433 503 1583 588 deserit
1606 532 1628 586 a
1657 506 1803 616 quibus
1820 503 2058 614 superiores

474 631 637 742 vaporis
657 650 790 738 partes
819 625 1095 713 ascenderant.
1152 623 1207 710 Et
1236 627 1454 739 obliquitas
1474 625 1544 710 illa
1565 628 1701 712 minor
1719 629 1796 712 erit
1819 631 1891 714 ubi
1917 632 2057 714 ascen-
2147 701 2148 712 r

469 759 536 842 sus
554 755 714 865 vaporis
733 755 914 838 velocior
935 752 1017 836 est:
1048 753 1242 836 nimirum
1262 751 1306 836 in
1329 749 1476 837 vicinia
1500 755 1591 838 solis
1612 754 1653 836 dc
1675 752 1792 862 juxta
1817 779 1977 864 corpus
1995 755 2058 838 su.

474 906 597 966 mans.
658 877 725 964 Ex
752 877 1001 992 obliquitatis
1032 897 1172 961 autem
1204 873 1436 962 diverfirare
1470 877 1751 962 incurvabitur
1783 878 1950 988 vaporis
1986 905 2056 962 co.

474 1007 628 1088 sumna:
661 1002 703 1086 dt
718 1005 813 1115 quia
832 1027 959 1113 vapor
979 1001 1021 1085 in
1043 1002 1248 1085 culumnae
1268 1001 1393 1084 latere
1413 1001 1672 1110 precedente
1695 1003 1815 1110 paulo
1836 1004 2051 1086 recentior

474 1129 545 1223 cll,
582 1125 680 1209 ideo
707 1127 831 1210 etiarn
859 1127 889 1208 is
912 1126 1067 1210 ibidem
1096 1127 1301 1236 aliquanto
1324 1123 1486 1208 densior
1515 1124 1608 1222 erit,
1636 1126 1854 1237 lucemque
1882 1149 2051 1237 propte·

474 1279 545 1340 rea
570 1250 770 1362 copiosius
789 1247 987 1344 refleslet,
1014 1249 1057 1330 dr
1076 1249 1204 1332 limite
1223 1249 1354 1332 minus
1372 1247 1602 1332 indillintlo
1624 1251 1927 1334 terminabitur.
1988 1253 2050 1336 De

474 1374 696 1459 caudarum
724 1373 1009 1482 agitationibus
1041 1369 1257 1454 subitaneis
1285 1369 1328 1454 &
1363 1371 1544 1469 incertis,
1579 1371 1716 1485 deque
1735 1399 1883 1455 earum
1911 1373 2050 1482 liguris

472 1495 773 1606 irregularibus,
787 1522 893 1607 quas
915 1491 1365 1608 nonnulliquar'rdoque
1386 1495 1633 1592 describunt,
1663 1499 1729 1580 hic
1750 1498 1850 1580 nihil
1873 1498 2051 1605 adjicio;

469 1643 689 1733 propterea
710 1621 825 1732 quod
854 1619 919 1703 vel
941 1647 963 1702 a
983 1618 1277 1702 mutationibus
1306 1621 1407 1702 atris
1436 1617 1577 1718 nostri,
1603 1620 1648 1704 &
1673 1622 1854 1706 motibus
1874 1624 2052 1710 nubium

470 1747 619 1832 caudas
648 1745 780 1859 aliqua
801 1771 855 1830 ex
877 1763 993 1855 parte
1021 1740 1326 1828 obscurantium
1355 1745 1567 1842 oriantur3
1597 1749 1660 1830 vel
1685 1745 1793 1830 sorte
1821 1751 2049 1858 apartibus

468 1875 547 1956 viae
560 1871 713 1968 ludere,
728 1895 828 1983 quae
843 1895 941 1954 cum
961 1867 1100 1952 caudis
1121 1869 1463 1980 pretereuntibus
1479 1868 1679 1958 confundi
1701 1872 1869 1983 possrot,
1896 1903 1944 1958 ac
1960 1899 2048 1961 tan·

463 2017 593 2104 quam
616 2017 756 2074 earum
779 2009 912 2101 partes
938 1987 1117 2098 spetlari.

525 2113 717 2226 Vapores
737 2135 888 2210 autem,
918 2115 991 2226 qui
1014 2111 1146 2224 spatiis
1167 2131 1251 2194 tam
1275 2113 1478 2198 immensis
1502 2115 1722 2226 implendis
1747 2115 1960 2218 sufficiant,
1987 2149 2045 2208 ex

465 2257 724 2324 cometarum
762 2234 1037 2345 atmosplraeris
1069 2233 1170 2318 oriri
1204 2231 1330 2345 posse,
1380 2236 1631 2348 intelligetur
1665 2265 1721 2321 ex
1751 2244 1915 2327 raritate
1943 2246 2045 2328 aeris

470 2360 609 2446 nollri.
665 2360 771 2444 Nam
797 2367 863 2443 ast
889 2357 1003 2467 juxta
1022 2354 1276 2466 superficiem
1300 2380 1420 2443 terrae
1441 2359 1611 2470 spatium
1640 2385 1818 2471 occupat
1841 2365 1952 2478 quasr
1970 2367 2048 2470 850

468 2483 650 2594 partibus
669 2480 795 2591 majus
816 2507 939 2594 quam
959 2505 1061 2591 aqua
1081 2476 1262 2584 ejusdem
1283 2483 1492 2589 ponderis,
1521 2481 1706 2595 ideoque
1731 2486 1830 2568 aeris
1852 2491 2048 2574 columna

470 2605 693 2718 cylindrica
721 2605 849 2718 pedes
881 2605 959 2708 850
988 2605 1065 2686 alta
1092 2600 1273 2709 eiusdem
1301 2605 1359 2688 est
1377 2605 1573 2716 ponderis
1595 2633 1693 2690 cum
1716 2635 1828 2720 aque
1849 2615 2048 2698 columna

471 2731 604 2842 pedali
625 2730 847 2815 latitudinis
868 2727 1062 2838 ejusdem.
1113 2723 1324 2812 Columna
1343 2751 1480 2814 autem
1499 2729 1602 2812 aeris
1621 2730 1673 2813 ad
1693 2731 1968 2820 summitatem
1989 2759 2049 2822 at·

470 2851 709 2962 mosptraerae
738 2849 940 2960 assurgens
971 2869 1105 2961 aequat
1128 2851 1313 2962 pondere
1340 2849 1413 2934 suo
1443 2851 1672 2938 columnam
1702 2881 1819 2966 aquae
1841 2859 1975 2965 pedes
1996 2889 2017 2958 3
2023 2890 2044 2960 3

466 2977 591 3060 altam
618 2974 810 3069 circiter3
839 2975 883 3056 dt
908 2992 1129 3086 propterea
1158 2973 1187 3058 sr
1218 2973 1423 3058 columne
1455 2977 1582 3061 totius
1610 2981 1732 3058 a‘e'reae
1751 3001 1844 3086 pars
1863 2978 2048 3066 inserior

469 3099 625 3212 pedum
656 3099 733 3204 850
753 3098 976 3184 altitudinis
997 3098 1201 3194 dematur,
1229 3121 1318 3207 pars
1350 3099 1505 3214 reliqua
1537 3099 1717 3212 superior
1746 3103 1923 3215 aequabit
1943 3130 2045 3216 pon

469 3222 572 3306 dere
597 3225 672 3307 suo
699 3226 932 3308 columnam
958 3247 1075 3334 aquae
1106 3224 1225 3306 altam
1244 3219 1371 3332 pedes
1394 3252 1456 3322 32.
1510 3222 1606 3310 Inde
1625 3251 1728 3312 vcro
1756 3233 1847 3338 (per
1861 3235 2045 3340 regulam

472 3348 609 3430 multis
632 3349 925 3456 experimentis
947 3346 1244 3440 confirmatam,
1272 3346 1387 3458 quod
1414 3349 1664 3460 compressio
1687 3353 1789 3436 aeris
1808 3352 1850 3436 srt
1869 3373 1915 3438 ut
1936 3381 2046 3466 pon-

469 3467 550 3554 dus
572 3471 848 3583 atmosphaerae
864 3470 1152 3567 incumbentis,
1177 3469 1376 3582 quodque
1395 3472 1569 3580 gravitas
1589 3471 1636 3556 srt
1656 3476 1872 3584 reciproce
1887 3499 1933 3563 ut
1950 3504 2047 3591 qua·

474 3591 636 3677 dratum
657 3594 852 3681 distantiae
873 3599 1060 3680 locorum
1079 3622 1101 3678 a
1120 3614 1266 3679 centro
1287 3598 1426 3702 terrae)
1449 3598 1806 3705 computationem
1824 3625 1900 3712 per
1918 3603 2044 3686 coros.

473 3741 592 3827 prop.
613 3745 714 3802 κιαι.
737 3720 803 3802 lib.
824 3717 869 3802 tl
888 3717 1085 3812 ineundo,
1115 3717 1253 3801 inveni
1278 3717 1394 3830 quod
1419 3727 1500 3818 a'c'r‚
1527 3719 1554 3802 sr
1574 3719 1816 3806 ascendatur
1837 3750 1859 3806 a
1879 3724 2044 3835 superfi-

410 3944 413 3952 ⁴
472 3836 551 3920 ciae
586 3857 705 3924 terrae
735 3840 789 3924 ad
819 3839 1076 3926 altitudinem
1112 3837 1401 3923 semidiametri
1435 3840 1553 3924 unius
1589 3841 1800 3940 terrestris,
1843 3845 1972 3928 rarior
1994 3849 2045 3934 stt

473 3984 597 4073 quarn
618 3965 723 4074 apud
745 3989 820 4050 nos
844 3963 887 4046 in
910 3966 1066 4049 ratione
1084 3963 1206 4070 lunge
1228 3960 1386 4069 majori,
1410 3988 1534 4076 quam
1554 3961 1670 4074 spatii
1693 3965 1824 4050 omnis
1849 3964 1957 4052 infra
1976 3997 2044 4056 or.

474 4083 572 4172 beru
598 4085 748 4173 saturni
772 4088 824 4173 ad
843 4087 1015 4197 globum
1032 4086 1237 4170 diametro
1258 4086 1376 4196 digiti
1403 4089 1523 4174 unius
1542 4084 1806 4200 descriptum.
1860 4087 2043 4206 ldeuque

476 4211 622 4318 globus
646 4213 744 4296 aeris
767 4211 891 4297 noliri
915 4212 1092 4322 digitum
1114 4235 1239 4294 unum
1265 4210 1381 4310 latus,
1407 4236 1570 4296 cacum
1593 4212 1756 4297 raritate
1776 4239 1899 4326 quarn
1919 4218 2042 4299 babe.

474 4354 540 4416 ret
558 4337 600 4419 in
621 4336 834 4422 altitudine
851 4335 1139 4420 semidiametri
1157 4333 1275 4416 unius
1293 4333 1503 4433 terrestris,
1527 4335 1717 4444 impleret
1747 4363 1888 4423 omncs
1901 4340 2041 4448 plane·
2144 4407 2145 4410 κ

475 4475 607 4544 tarum
630 4461 817 4567 regiones
844 4459 970 4570 usque
993 4457 1044 4542 ad
1074 4455 1268 4566 sphaeram
1295 4455 1444 4542 saturni
1475 4457 1517 4541 δι
1545 4457 1668 4564 longe
1685 4460 1803 4544 ultra.
1855 4457 2042 4553 Proinde

472 4607 570 4670 curu
604 4587 671 4666 abr
699 4583 833 4668 adhuc
858 4582 982 4667 altior
1011 4585 1052 4666 in
1077 4577 1320 4664 immensum
1351 4579 1551 4676 rarescat;
1592 4578 1635 4662 δι
1661 4605 1785 4666 coma
1815 4581 1884 4668 seu
1911 4608 2043 4674 atmo-

466 4705 624 4819 sphaera
643 4725 830 4805 comete,
856 4701 1189 4806 ascendendolab
1212 4699 1316 4790 illius
1336 4724 1496 4805 centro,
1521 4703 1632 4817 quafi
1650 4702 1836 4818 decuplo
1858 4710 1980 4795 altior
1999 4715 2044 4802 srr

1920 4859 2042 4948 quarn
