4450 5674
437 357 1828 626 J⁴AUcTOR1o

499 767 1866 936 PRAEFATIO

1154 1097 1240 1184 IN

413 1317 1243 1480 EDITIONEM
1329 1316 1990 1480 TERTIAM.

466 1676 521 1760 N
545 1659 720 1764 editioni
742 1679 854 1765 hacce
885 1681 1039 1778 tertia,
1077 1705 1195 1794 quam
1219 1678 1428 1768 Henricus
1448 1681 1700 1768 Pemberton
1733 1677 1797 1764 M.
1818 1681 1873 1768 D.
1904 1683 1988 1770 vir

418 1885 423 1892 .
493 1811 633 1896 hamon
664 1839 798 1895 rerum
814 1807 1080 1922 peritiffimus
1110 1816 1300 1911 curavit,
1333 1816 1522 1898 nonnulla
1550 1815 1592 1896 in
1620 1811 1722 1896 libro
1730 1815 1900 1921 secundo
1932 1817 1987 1900 de

409 1937 627 2046 refistentia
648 1933 860 2021 mediorum
872 1937 996 2047 paulo
1017 1935 1149 2046 ficstus
1175 1941 1431 2050 explicantur
1452 1967 1567 2054 quam
1589 1957 1720 2036 antea,
1747 1936 1790 2026 Εὖ
1829 1939 1985 2026 addun-

410 2079 482 2145 tur
501 2065 775 2178 experimenta
790 2090 893 2146 nova
919 2063 966 2146 de
985 2060 1200 2171 refilicntia
1212 2069 1404 2178 gravium
1418 2096 1505 2183 qua
1522 2067 1669 2150 cadunt
1697 2067 1740 2147 in
1765 2067 1869 2149 aire.
1926 2069 1983 2152 In

408 2193 511 2275 libro
534 2194 657 2274 tertio
673 2207 944 2302 argumentum
960 2219 1033 2303 quo
1050 2193 1182 2275 lunam
1201 2195 1244 2274 iu
1263 2195 1352 2277 orbe
1360 2199 1520 2304 stcoper
1535 2192 1789 2304 gravitatem
1803 2193 1982 2278 retineri

399 2319 615 2426 probatur,
633 2318 756 2426 paulo
775 2317 908 2423 fustus
926 2321 1161 2428 exponitur:
1193 2315 1234 2406 ὅ
1262 2349 1370 2405 nova
1393 2322 1595 2406 adduntur
1616 2318 1913 2426 observationes
1931 2321 1980 2408 de

364 2442 368 2459 ¹
395 2444 657 2553 proportione
682 2441 964 2526 diametrorum
977 2439 1102 2549 Jovis
1121 2441 1176 2526 ad
1206 2439 1416 2530 invicema
1435 2448 1497 2530 D.
1515 2443 1706 2529 Poundio
1718 2443 1857 2550 facia.
1892 2445 1981 2528 Ad·

409 2565 563 2658 duntur
582 2569 704 2654 ctiam
722 2567 1014 2675 observationes
1034 2570 1188 2682 aliquot
1203 2591 1357 2655 cometa
1377 2575 1492 2656 illius
1517 2577 1589 2684 qui
1613 2595 1712 2654 anno
1741 2565 1843 2649 1680
1857 2587 1978 2682 appa-

406 2698 509 2791 ruit,
537 2695 643 2780 aD.
667 2692 767 2778 Kirk
785 2699 912 2806 mensi
926 2695 1150 2781 Novembri
1166 2701 1208 2782 in
1225 2693 1448 2785 Germania
1469 2697 1627 2792 habita,
1668 2723 1755 2806 qua
1782 2715 1908 2806 nuper
1926 2695 1985 2781 od

407 2844 545 2900 manus
570 2820 716 2928 nostras
735 2840 946 2918 venerunt,
970 2821 1012 2910 Εὲ
1031 2851 1196 2934 quarum
1217 2843 1284 2934 ope
1304 2823 1442 2935 constet
1464 2851 1580 2932 quom
1588 2839 1718 2933 prope
1735 2825 1846 2906 orbes
1852 2843 1977 2934 para·

409 2943 527 3027 bolici
554 2945 720 3027 motibus
751 2962 981 3028 cometarum
1006 2948 1249 3054 respondent.
1307 2951 1369 3031 Et
1393 2949 1524 3033 orbita
1543 2968 1696 3032 cometa
1723 2949 1854 3046 illius,
1883 2975 1978 3031 com·

401 3069 772 3180 putanteHallei0‚
791 3075 914 3182 paulo
931 3072 1160 3155 accuratius
1175 3071 1472 3172 ¹determinatur
1488 3103 1604 3188 quam
1625 3093 1764 3168 antea,
1793 3071 1911 3186 idque
1933 3074 1978 3156 in

409 3197 546 3308 ellipfi.
576 3198 639 3280 Et
663 3197 880 3308 ostenditur
907 3216 1088 3281 cometam
1116 3201 1159 3280 in
1185 3197 1259 3280 hac
1282 3201 1413 3284 orbita
1438 3203 1633 3313 ellcptica,
1650 3218 1730 3309 per
1752 3226 1888 3280 novem
1907 3227 1978 3281 ca·

409 3323 666 3437 lorumstgna,
693 3351 767 3408 uon
793 3326 923 3407 minus
949 3342 1133 3408 accurate
1154 3327 1309 3430 cursum
1319 3331 1530 3442 peregiffe,
1560 3355 1676 3442 quam
1688 3325 1818 3433 pleat
1839 3327 1977 3434 piane-

411 3467 463 3531 tn
480 3451 522 3530 in
544 3450 688 3532 orbitis
710 3450 907 3562 ellipticis
915 3470 999 3561 per
1011 3449 1277 3560 astronomiam
1297 3449 1476 3552 definitis
1494 3453 1660 3536 moveri.
1718 3447 1843 3530 Orbis
1857 3451 1977 3531 etiam

411 3585 564 3650 cometa
596 3578 666 3680 qui
689 3597 786 3652 anno
813 3599 909 3670 1723
939 3577 1140 3679 apparuit,
1165 3603 1191 3652 a
1211 3571 1271 3648 D.
1294 3570 1487 3657 Bradleio
1517 3573 1751 3682 astronomia
1769 3568 1878 3681 apud
1891 3569 1977 3656 Ox·

410 3690 593 3778 onienses
603 3698 823 3805 profeffore
840 3711 1084 3807 computatus
1102 3695 1309 3810 adjicitur.
