4344 5648
416 139 1461 248 rurncrarnntnuunuunmcn·
1623 141 1725 279 κός

151 331 410 445 hyperbolum
442 355 496 416 ex
527 325 819 439 pbaeoomenis.
881 320 1153 430 projiciantur
1187 344 1362 432 corpora
1392 319 1478 406 duo
1508 315 1646 406 similia
1674 321 1718 406 dt
1733 317 1938 463 &2¹:35³

150 455 328 567 aqualia,
362 451 505 536 eadem
538 449 771 545 velocitate,
810 447 854 531 in
882 445 1036 554 angulis
1070 440 1235 524 diversus
1267 440 1422 538 HAK,
1458 439 1533 526 hA
1545 443 1582 538 k,
1619 443 1719 526 inci·
1941 443 1949 460 '

148 579 327 690 dantque
345 577 385 659 in
416 577 580 685 planum
610 571 835 656 horizontis
862 569 905 655 in
925 569 971 652 K
999 565 1043 650 δι
1062 565 1113 660 k;
1143 561 1373 648 &notetur
1393 567 1609 676 proportio
1628 567 1727 651 AK

148 703 197 784 ad
220 705 267 786 A
275 702 311 783 k.
369 698 429 784 Sit
450 726 496 783 ea
522 699 552 780 d
573 695 624 782 ad
645 725 677 780 e.
743 693 860 780 Tum
887 688 1026 778 eredo
1050 689 1223 798 cujusvis
1250 691 1516 800 longitudinis
1548 715 1722 801 perpen.

146 822 287 910 diculo
314 825 363 907 A
370 823 408 921 I,
443 822 592 908 assume
624 843 837 934 utcunque
864 814 1167 927 longitudinem
1190 817 1238 896 A
1248 812 1302 898 H
1323 817 1388 900 vel
1413 822 1460 898 A
1469 815 1509 912 h,
1552 813 1596 898 &
1622 818 1722 904 inde

148 952 296 1060 collige
324 950 519 1060 graphice
555 947 833 1060 longitudines
859 947 967 1043 AK,
994 944 1043 1026 A
1050 942 1089 1038 k,
1115 966 1189 1052 per
1213 967 1299 1052 reg.
1329 949 1365 1026 6⁶
1420 943 1462 1028 Si
1495 943 1601 1028 ratio
1628 945 1728 1029 AK

148 1074 199 1156 ad
220 1076 297 1158 At
323 1075 368 1158 stt
391 1075 535 1158 eadem
562 1100 657 1156 cum
684 1075 842 1156 ratione
862 1068 957 1154 dad
985 1095 1018 1164 e,
1045 1064 1266 1174 longitudo
1285 1064 1387 1148 AH
1400 1067 1508 1151 rede
1531 1066 1724 1179 assumpta

147 1196 238 1280 suit.
298 1197 367 1282 Sin
388 1199 518 1282 minus
537 1223 638 1306 cape
659 1197 699 1280 in
720 1189 827 1278 reda
855 1191 1010 1276 infinita
1038 1187 1137 1270 SM
1155 1188 1459 1294 longitudinem
1483 1191 1580 1273 SM
1592 1216 1725 1304 aequa-

146 1321 229 1405 lenr
257 1319 463 1431 alliumptae
486 1321 591 1420 AH,
621 1318 664 1402 &
690 1319 802 1428 erige
823 1311 1167 1428 perpendiculum
1197 1311 1316 1395 MN
1338 1315 1492 1426 aequale
1512 1317 1722 1400 rationum

146 1504 392 1593 differentia
413 1447 571 1656 {25-
597 1443 786 1656 {uuna
814 1506 857 1592 n
884 1503 1039 1588 renam
1063 1499 1249 1612 quanvis
1268 1497 1417 1590 aaran.
1482 1501 1611 1588 sumtu
1637 1526 1722 1590 me.

146 1697 281 1783 rhodo
308 1723 362 1782 ex
390 1695 596 1810 assumptis
629 1695 813 1808 pluribus
852 1692 1030 1802 longitua
1374 1740 1405 1798 Ν

146 1821 309 1908 dinibus
326 1821 418 1905 AH
435 1822 681 1908 invenienda
693 1822 782 1907 sunt
799 1821 913 1932 plura
928 1844 1029 1932 pun·
1482 1832 1519 1892 rs

145 1945 207 2034 &a
226 1948 287 2047 N,
319 1945 363 2032 &
393 1975 465 2061 per
490 1951 628 2038 omnia
648 1946 804 2060 agenda
830 1973 955 2030 curva
979 1945 1026 2028 li·
1082 1948 1514 2081 ι--Ἶ--ῑξ
1552 1919 1584 1978 Χ
1640 1923 1724 2095 55¹-

142 2101 219 2160 nea
239 2079 433 2183 regularis
459 2077 511 2158 N
515 2077 565 2160 N
572 2079 618 2160 X
623 2076 682 2172 N,
715 2079 851 2161 secans
879 2069 1041 2158 tesiam:
1077 2031 1099 2102 ὃ
1635 2130 1649 2168 -‚

145 2201 181 2284 S
193 2200 254 2282 M
263 2201 319 2281 M
329 2202 389 2284 M
410 2205 452 2288 in
477 2203 533 2286 K.
596 2201 830 2291 Alsumatur
863 2203 1032 2288 demum
1623 2227 1653 2284 n

144 2324 239 2409 AH
250 2328 412 2439 aequalis
431 2325 604 2412 abscissae
622 2329 709 2426 SX,
724 2329 873 2414 &inde
890 2326 1030 2414 denuo

145 2451 378 2537 inveniatur
400 2453 619 2563 longitudo
645 2451 744 2536 ΑΚ
754 2489 767 2551 ;
795 2450 840 2537 &
862 2449 1152 2561 longitudines,
1188 2451 1281 2566 quae
1309 2453 1455 2542 suntad
1483 2455 1731 2570 assumptam·-

145 2563 449 2685 longitudinem
477 2578 526 2660 A
535 2577 562 2658 I
589 2573 632 2658 δι
670 2577 773 2661 banc
800 2577 985 2661 ultimam
1008 2577 1056 2658 A
1070 2574 1128 2672 H,
1168 2597 1214 2660 ut
1252 2578 1471 2684 longitudo
1501 2583 1548 2662 A
1562 2582 1609 2664 K
1645 2609 1720 2694 per

145 2698 477 2806 experimentum
503 2702 670 2808 cognita
695 2697 748 2782 ad
765 2698 914 2782 ultimo
926 2698 1135 2780 inuentam
1153 2696 1456 2804 longitudinem
1483 2703 1580 2800 AK,
1600 2723 1722 2790 arunt

145 2845 258 2905 verae
286 2822 365 2906 illae
383 2823 660 2938 longitudines
682 2821 761 2906 Al
786 2820 829 2904 dt
855 2821 966 2920 AH,
1001 2845 1101 2934 quas
1127 2820 1311 2905 invenire
1341 2823 1537 2932 oportuit.
1591 2821 1722 2912 Hisce

144 2972 249 3032 vero
277 2947 380 3032 datis
398 2949 562 3034 dabitur
580 2947 623 3034 &
645 2947 863 3034 resistentia
888 2944 1017 3032 medii
1037 2949 1080 3031 in
1100 2947 1195 3032 loco
1223 2948 1279 3043 A,
1305 2948 1459 3060 quippe
1483 2974 1576 3062 quae
1600 2949 1646 3035 stt
1666 2949 1730 3036 ad:

146 3073 232 3157 vim
257 3073 464 3182 gravitatis
482 3093 529 3159 ut
548 3075 648 3158 ΑΗ
670 3073 720 3158 ad
744 3071 857 3155 2A1.
916 3070 1120 3180 Augenda
1147 3069 1204 3154 eli
1226 3092 1364 3156 autem
1393 3073 1566 3158 densitas
1591 3072 1730 3160 medii·

145 3221 220 3306 per
240 3219 325 3303 reg.
345 3227 383 3302 4.
412 3197 455 3280 dt
484 3197 705 3282 resistentia
725 3195 855 3280 modo
881 3195 1060 3292 inventa,
1098 3193 1207 3278 suin,
1223 3194 1369 3278 eadem
1393 3197 1551 3280 ratione
1578 3223 1722 3307 augea.

145 3338 229 3416 tur,
254 3317 323 3400 fiet
344 3321 585 3402 accuratior.

202 3457 302 3569 Reg.
337 3457 371 3540 8.
414 3459 590 3544 inventis
622 3457 946 3569 longitudinibus
974 3455 1094 3556 AH,
1130 3455 1182 3538 H
1187 3457 1237 3539 X
1244 3493 1256 3555 ;
1293 3457 1322 3542 fi
1350 3458 1433 3567 jam
1467 3459 1736 3548 desideretur·

145 3583 297 3692 pofitio
329 3581 450 3668 redae
474 3583 583 3682 AH,
611 3583 834 3670 secundum
855 3607 980 3694 quarn
1012 3581 1235 3694 projeslile‚
1271 3581 1364 3666 data
1388 3584 1454 3667 illa
1486 3609 1582 3670 cum
1609 3587 1722 3672 velo·

146 3709 272 3792 citate
305 3705 505 3807 emissum,
532 3708 678 3794 incidit
706 3709 747 3793 in
770 3709 967 3819 punctum
994 3707 1171 3821 quodvis
1192 3709 1263 3790 K:
1298 3709 1350 3794 ad
1381 3703 1530 3820 puncia
1551 3709 1600 3792 A
1608 3707 1658 3794 ’δι
1677 3707 1727 3792 K

145 3833 356 3940 erigantur
383 3831 505 3916 resiae
532 3837 577 3914 A
587 3835 631 3931 C,
665 3832 712 3914 K
719 3832 763 3914 F
791 3833 998 3916 horizonti
1026 3831 1398 3942 perpendiculares,
1434 3854 1606 3943 quarum
1634 3835 1741 3923 AC'

147 3954 341 4039 deorsum
363 3954 518 4052 tendat,
545 3955 588 4038 &
618 3975 804 4068 aequetur
829 3956 902 4066 ipsu
935 3953 1012 4040 AI
1036 3955 1105 4039 seu
1136 3954 1273 4042 ÷HX.
1331 3954 1583 4064 Asymptotis
1611 3955 1722 4050 AK,

147 4080 196 4162 K
207 4077 250 4159 F
277 4077 529 4162 describatur
561 4079 795 4189 hyperbola,
837 4078 951 4186 cuius
982 4078 1198 4187 conjugata
1221 4077 1392 4162 transcat
1424 4101 1497 4188 per
1525 4077 1733 4187 punctum·

148 4204 194 4300 C,
228 4225 458 4315 centtoque
486 4206 533 4287 A
555 4202 597 4286 ἃ
620 4203 834 4288 intervallo
859 4202 969 4286 ΑΗ
988 4201 1239 4288 describatur
1273 4206 1448 4290 circulus
1484 4203 1619 4288 secans
1649 4203 1723 4316 hp·
1855 4295 1858 4300 ,

147 4328 369 4438 perbolam.
387 4328 504 4412 illam.
528 4329 569 4412 in
597 4323 749 4438 pundo
775 4326 826 4408 H
836 4363 846 4424 t
885 4325 928 4410 ἃ
953 4325 1162 4437 projesiile
1187 4327 1413 4414 secundum
1445 4325 1596 4411 restam
1620 4331 1669 4414 A
1677 4326 1730 4411 H

149 4449 332 4536 emissum
358 4451 514 4536 incidet
544 4452 586 4535 in
619 4449 814 4564 punsiunr
841 4449 896 4532 K.
953 4451 1014 4564 Q
1035 4449 1088 4533 E.
1110 4448 1149 4534 I.
1213 4451 1319 4536 Nam
1348 4445 1544 4560 pundum
1573 4449 1643 4550 H,.
1666 4451 1723 4537 ob

150 4573 285 4658 datam
315 4575 617 4684 longitudinem
645 4573 754 4671 AH,
782 4574 940 4660 locatur
963 4575 1111 4658 alicubi
1141 4575 1183 4657 in
1213 4574 1370 4659 circulo
1391 4573 1609 4686 descripto.
1665 4573 1725 4656 A·

150 4715 268 4808 gatur
296 4693 391 4780 CH
414 4724 634 4784 occurrens
659 4697 749 4806 ipsrs
778 4697 876 4779 AK
895 4691 936 4778 dc
960 4697 1003 4784 K
1011 4695 1061 4795 F,
1089 4695 1210 4780 illiin
1234 4695 1289 4795 E,
1326 4696 1421 4780 huic
1452 4697 1494 4780 in
1515 4697 1558 4777 F
1566 4734 1578 4794 ς
1607 4693 1650 4777 dt
1670 4693 1742 4777 ob·
1810 4735 1818 4749 ·

149 4818 353 4933 parallelas
386 4819 492 4922 CH,
529 4821 586 4902 M
593 4821 641 4902 X
662 4819 705 4903 δι
732 4815 1159 4930 aqualesAC,.A1·‚
1196 4819 1273 4903 erit
1304 4819 1397 4902 ΑΕ
1424 4817 1584 4930 aequalis
1606 4813 1741 4920 AM„

1539 4951 1587 5035 δι.
1603 4971 1726 5061 prop·
