4352 5646
416 251 817 354 PRINCIPIA
863 239 1465 348 MATHEMATICA.
1629 271 1739 375 429.

161 427 239 511 ΝΚ
253 413 304 510 ad
325 417 411 520 SP,
439 421 483 508 dc
499 418 576 532 ipsr·
594 415 680 504 PT
700 435 840 538 agatur
862 407 1045 530 parallela
1071 413 1174 500 LM
1183 451 1195 512 r
1224 413 1315 502 &fi
1339 425 1510 524 gravitas
1528 419 1727 504 accelera·
1785 408 1914 472 2¹¹¹*

21 579 22 584 ¹
162 551 390 634 trixterrae
419 546 461 628 in
491 543 616 628 solem
643 563 871 651 exponatur
898 567 972 652 per
997 539 1224 625 distantiam
1252 539 1324 624 ST
1344 543 1408 626 vel
1433 539 1519 639 SK,
1547 543 1625 627 erit
1656 487 1942 626 sturmus.

161 671 332 779 gravitas
350 667 612 752 acceleratrix
630 666 735 750 lunae
749 665 791 748 in
809 665 945 748 solem.
1001 661 1062 750 Ea
1088 665 1351 774 componitur
1366 692 1419 752 ex
1436 665 1615 776 partibus
1630 663 1732 764 SM,

161 793 271 891 LM,
299 818 472 906 quatum
501 789 603 873 LM
627 789 669 873 &
696 789 814 899 ipstus
841 789 930 872 SM
947 814 1035 898 pars
1062 787 1159 870 TM
1178 789 1388 900 perturbat
1420 811 1579 876 motum
1607 791 1730 879 lunaea

159 941 206 1003 ut
227 921 269 1004 in
284 917 375 1003 libri
395 917 515 1027 primi
532 921 783 1027 propssuxvr.
813 912 856 996 ἃ
878 909 961 1021 ejus
973 912 1194 998 corollariis
1216 915 1444 1024 expositum
1459 915 1528 1000 est.
1568 915 1725 1028 Quate-

160 1069 236 1128 nus
259 1041 427 1126 terra&
455 1043 549 1124 luna
577 1039 734 1122 circum
761 1063 981 1121 commune
1006 1037 1211 1146 gravitatis
1228 1058 1419 1121 centrum
1445 1042 1730 1135 revolvuntur,

159 1162 463 1278 perturbabitur
506 1161 629 1247 etiam
675 1179 811 1244 motus
850 1181 969 1244 terrae
1013 1159 1121 1244 circa
1163 1179 1349 1244 centrum
1386 1161 1486 1247 illud
1522 1162 1726 1246 aviribus

162 1289 462 1385 confimilibus;
491 1285 561 1370 led
592 1285 764 1370 summas
790 1305 872 1370 tam
903 1283 1051 1367 virium
1078 1309 1202 1396 quam
1230 1305 1418 1368 motuum
1444 1284 1597 1372 referre
1627 1287 1725 1370 licen

162 1415 213 1500 ad
244 1416 395 1511 lunam,
428 1410 471 1495 δι
497 1410 669 1495 summas
694 1409 842 1494 virium
870 1435 943 1519 per
966 1407 1087 1492 lineas
1114 1407 1203 1518 ipfis
1230 1408 1421 1517 ana-logan·
1439 1409 1533 1494 TM
1553 1409 1596 1494 δι
1628 1407 1728 1515 ML

163 1537 382 1647 defignare.
437 1531 513 1622 Vis
541 1532 636 1616 ML
660 1534 703 1617 in
730 1532 931 1616 mediocri
960 1531 1026 1614 sua
1053 1532 1278 1643 quantitate
1311 1532 1441 1617 estad
1464 1535 1549 1620 vim
1575 1533 1728 1620 centri·

161 1685 313 1774 petam,
343 1687 423 1774 qua
444 1657 596 1742 lumin
615 1657 717 1742 orbe
738 1656 810 1740 suo
830 1656 941 1739 circa
958 1671 1109 1738 terram
1125 1654 1405 1768 quiescentem
1426 1658 1478 1743 ad
1497 1657 1742 1744 distantiam,

162 1787 248 1874 PT
261 1787 415 1873 revolvi
438 1783 580 1896 pollet,
607 1785 649 1868 in
676 1783 879 1893 duplicata
900 1781 1056 1866 ratione
1076 1800 1310 1892 temporum
1337 1785 1645 1889 periodicorum
1664 1785 1727 1868 lu·

161 1938 226 2000 nae
254 1914 363 1998 circa
388 1932 538 1996 terram
565 1907 607 1990 &
636 1929 756 1990 terrae
796 1906 904 1988 circa
933 1903 1059 1989 solem
1088 1904 1182 2014 (per
1206 1907 1332 1992 corol.
1364 1933 1421 2010 17.
1463 1931 1578 2021 prop.
1605 1934 1724 1993 uxvt.

159 2035 228 2117 lib.
254 2037 309 2140 1.)
329 2033 408 2116 hoc
433 2029 503 2127 est,
531 2029 572 2114 in
600 2027 803 2139 duplicata
827 2025 985 2110 ratione
1012 2025 1172 2110 dierum
1201 2055 1264 2128 27.
1295 2029 1385 2114 bot.
1402 2057 1435 2132 7.
1465 2031 1560 2115 min.
1581 2060 1643 2136 43.
1672 2028 1732 2114 ad'·

159 2157 247 2241 dies
271 2162 359 2258 365.
387 2155 478 2236 hor.
500 2159 537 2232 6.
565 2150 661 2234 min.
682 2177 721 2257 9.
749 2148 882 2245 idest,
911 2166 956 2231 ut
986 2173 1089 2228 1000
1116 2147 1169 2232 ad
1192 2151 1360 2252 178725,
1386 2151 1493 2236 seur
1519 2152 1727 2256 ad178÷÷,

161 2282 392 2367 lnvenimus
421 2279 558 2358 aut‘em
583 2274 625 2357 in
643 2269 920 2382 propolitione
943 2289 1084 2380 quarta
1102 2271 1235 2383 quod,
1258 2272 1288 2356 sr
1315 2293 1421 2357 tetra
1442 2274 1485 2357 da
1510 2277 1601 2359 luna
1616 2277 1733 2364 circa

161 2424 383 2490 commune
403 2395 607 2506 gravitatis
630 2412 817 2478 centrum
836 2392 1108 2489 revolvantur,
1135 2419 1275 2479 aarum
1294 2393 1485 2482 distantia·
1504 2398 1736 2484 mediocris·

162 2527 212 2612 ab
239 2523 414 2610 invicem
434 2519 513 2605 erit
538 2523 617 2608 60÷
638 2515 1030 2600 semidiametrorum
1058 2515 1332 2603 mediocrium
1360 2539 1481 2605 terrae
1506 2547 1728 2635 quampro-

160 2649 287 2736 xime.
342 2641 397 2728 Et
421 2641 480 2724 vis
500 2667 579 2752 qua
595 2641 686 2723 luna
707 2641 748 2722 in
768 2637 869 2722 orbe
887 2637 996 2721 circa
1018 2655 1167 2723 terram
1195 2641 1486 2753 quiescentem,
1511 2645 1562 2730 ad
1583 2643 1726 2731 dissau-

161 2772 260 2854 tiam
278 2767 364 2852 'PT
376 2763 768 2850 semidiametrorum
791 2759 1037 2846 terrestrium
1055 2771 1129 2852 60:-
1148 2766 1305 2850 revolvi
1320 2764 1463 2876 pollet,
1489 2767 1610 2856 estad
1629 2772 1740 2864 vim„

160 2923 241 3008 qua
260 2891 409 2978 eodem
438 2909 626 2998 tempore
654 2886 705 2969 ad
735 2885 961 2970 distantiam
980 2885 1375 2976 semidiametrorum
1398 2898 1450 2974 60
1467 2893 1622 2978 revolvi
1633 2896 1727 3008 pos·

11 3103 12 3110 .
160 3022 234 3120 set,
261 3039 307 3102 ut
335 3020 409 3102 6οτΙ
432 3013 480 3098 ad
506 3021 580 3108 60;
608 3008 654 3095 ἃ
677 3011 765 3094 haec
799 3011 858 3092 vis
887 3009 939 3092 ad
966 3010 1049 3094 vim
1079 3013 1285 3120 gravitatis
1311 3015 1418 3124 apud
1447 3040 1522 3100 nos
1549 3037 1596 3101 ut
1621 3045 1639 3098 r
1672 3019 1734 3106 adl

163 3151 324 3234 noxno
341 3135 664 3252 quamproxime.
719 3131 902 3246 Ideoque
928 3133 988 3216 vis
1020 3133 1240 3220 mediocris
1264 3135 1357 3218 ML
1379 3138 1435 3222 est
1453 3137 1506 3222 ad
1524 3140 1607 3224 vim
1633 3165 1727 3250 gra·

160 3267 293 3351 vitatis
315 3265 356 3349 in
383 3260 593 3370 superficie
613 3279 743 3352 terrae,
771 3275 816 3340 ut
846 3261 999 3344 1x60÷
1025 3256 1078 3341 ad
1103 3261 1575 3364 6<>><6ο><6ο><178ιξῆι
1601 3263 1670 3348 seu
1703 3293 1732 3349 n·

162 3392 214 3474 ad
236 3401 260 3470 6
265 3389 431 3492 38092,6
501 3383 601 3468 lnde
624 3406 725 3463 vero
745 3380 788 3462 δι
810 3407 863 3464 ex
882 3380 1150 3491 proportione
1175 3385 1369 3470 linearum
1395 3382 1498 3484 TM,
1526 3387 1634 3486 ML,
1654 3389 1735 3475 da=

162 3535 229 3598 tur
255 3513 376 3597 etiam
400 3511 459 3594 vis
477 3507 570 3590 TM
579 3537 593 3586 .·
621 3505 663 3588 &
682 3506 746 3589 hae
770 3503 860 3590 sunt
882 3506 988 3590 vires
1010 3505 1101 3592 solis
1120 3509 1267 3622 quibus
1284 3510 1390 3596 lunae
1409 3531 1543 3598 motus
1562 3530 1731 3625 pertur-

159 3643 318 3728 bantur.
376 3631 561 3756 QEMI

262 3847 730 3949 PROPOSITIO
778 3847 959 3949 xxvl.
1043 3851 1469 3954 PROthLEMA
1513 3857 1625 3962 Vll.

160 4025 366 4131 Invenire
400 4026 714 4124 incrementum
759 4023 986 4124 horarium
1022 4063 1136 4127 areae
1163 4065 1301 4163 quam
1334 4029 1457 4158 luno,
1505 4033 1631 4134 radio
1663 4033 1744 4134 ad'

450 4205 618 4276 tetram
638 4177 779 4303 dubio,
816 4175 864 4278 in
891 4176 990 4276 orbe
1013 4177 1220 4280 circulari
1241 4181 1455 4303 describit.

214 4411 402 4500 Diximus
425 4435 579 4510 aream,
600 4433 722 4523 quam
741 4412 842 4496 luna.
862 4406 980 4494 radio
1004 4410 1054 4496 ad
1083 4427 1231 4498 terram
1257 4411 1382 4502 dudio
1412 4415 1622 4521 deloribit,
1644 4417 1736 4513 elle¹

162 4537 338 4644 tempori
356 4532 715 4646 proportionalem,
742 4531 814 4616 nili
831 4551 1028 4645 quatenus
1048 4553 1183 4620 motus
1210 4537 1357 4623 lunaris
1383 4541 1432 4624 ab
1453 4542 1610 4629 aclione
1633 4545 1735 4633 lolir-

161 4655 358 4741 turbatur.
412 4655 738 4768 Inaequalitatem·
750 4658 963 4754 momenti,
995 4659 1059 4741 vel
1086 4659 1329 4746 incrementi
1351 4661 1499 4748 horarii
1520 4667 1586 4750 hic
1613 4666 1725 4763 inve·

161 4778 383 4890 stigandum
409 4779 687 4890 proponimus.
740 4777 798 4862 Ut
826 4783 1089 4890 computatio.
1107 4783 1263 4868 facilior
1290 4784 1502 4884 reddatur,
1526 4785 1724 4894 fingamus

160 4905 305 4992 orbem
323 4903 434 4990 lunae
456 4903 695 4990 circularem
717 4901 812 5005 effe,
838 4903 882 4990 δι
908 4907 1197 5020 inaeqpabtates
1222 4933 1363 4996 omnes
1384 4910 1647 5020 negligamus,
1675 4937 1740 4996 eu.

694 5070 698 5078 ¹
1644 5031 1737 5119 solo*¹
