4338 5656
373 225 1426 328 vvtuctvrnrrnrttuvrartcn..
1616 262 1721 356 ,aa

128 409 247 478 meta
279 390 372 476 anni
396 419 507 495 1577,
537 393 643 476 Dec.
666 419 715 498 29
743 391 974 476 versabatur
993 390 1034 476 in
1059 414 1088 472 u
1110 391 1171 474 8⁸¹.
1194 389 1259 498 μ’
1281 419 1380 480 cum
1404 391 1617 480 latitudine
1638 397 1711 483 bo·
1766 411 1908 470 ωε»

128 520 232 602 reali
254 515 344 598 2821.
364 515 448 622 40¹,
477 517 560 600 sole
582 517 704 600 etiam
726 515 922 600 existente
950 517 991 600 in
1013 551 1048 607 va
1075 518 1161 600 18⁸¹.
1190 517 1261 600 26'
1287 522 1465 606 circiter.
1521 491 1916 636 Utr·oque.T¹⁵”¹¹''⁸‘

12 687 13 728 ;
127 642 176 727 in
204 640 294 724 casu
320 659 427 726 terra
453 641 682 725 versabatur
705 641 746 726 in
768 641 919 724 eodem
944 645 1054 739 loco,
1083 642 1125 726 dt
1151 665 1314 728 cometa
1336 646 1551 758 apparebat
1580 648 1622 732 in
1645 677 1708 732 ea-

12 809 14 858 ;
126 765 229 849 dem
252 766 349 848 coeli
381 786 520 876 parte:
558 766 600 849 in
632 763 759 876 priori
793 786 929 850 tamen
962 765 1061 872 casu.
1087 768 1216 851 cauda
1239 791 1416 852 cometae
1447 771 1520 872 (ex
1540 769 1722 854 meis&

12 971 13 980 ,
125 892 305 975 aliorum
329 889 695 1002 observationibus)
722 889 950 974 declinabat
977 893 1125 1000 angulo
1146 894 1348 1002 graduum
1374 911 1425 998 4÷
1442 896 1490 979 ab
1514 897 1709 1004 oppositi*

12 1063 14 1108 ;
127 1037 216 1098 one
244 1015 334 1100 solis
359 1015 591 1126 aquilonem
614 1014 770 1110 versura
803 1014 845 1098 in
876 1013 1102 1125 posteriore
1134 1042 1234 1100 vero
1264 1022 1335 1122 (ex
1362 1017 1710 1104 observationibus
1780 1079 1783 1084 ,

12 1185 14 1238 ς
126 1139 348 1251 Tychonis)
375 1138 597 1224 declinatio
624 1160 711 1224 erat
737 1139 939 1248 graduum
960 1167 1015 1219 ar
1041 1139 1084 1223 in
1103 1139 1291 1225 aullrum.
1347 1139 1474 1250 Igitur
1493 1143 1707 1251 repudiata
1810 1251 1813 1258 .

12 1317 15 1368 ξ
127 1263 627 1362 coelorumresraslione,
657 1262 836 1377 superest
860 1281 905 1347 ut
926 1263 1199 1375 phaenomena
1222 1265 1445 1352 caudarum
1467 1294 1520 1352 ex
1539 1268 1721 1352 materia:
1796 1295 1804 1298 ·
1899 1330 1911 1356 t

12 1445 14 1460 ι
127 1391 265 1503 aliqua
290 1392 425 1474 luceru
443 1388 685 1474 ressedente·
702 1391 951 1474 deriventur.

187 1511 349 1597 Caudas
370 1533 507 1598 autem
530 1542 552 1596 a
571 1515 771 1624 capitibus
793 1515 891 1597 oriri
913 1513 954 1596 ἃ
975 1513 1226 1622 inregiones
1248 1541 1270 1596 a
1294 1513 1375 1598 sol'e
1395 1513 1548 1596 aversas
1571 1513 1708 1600 ascens

126 1638 232 1724 dere
253 1637 518 1722 confirmatur
540 1665 592 1748 ert
620 1637 774 1744 legibus
800 1663 898 1750 quas
918 1637 1145 1722 observant.
1200 1636 1257 1720 Ut
1285 1638 1399 1750 quod
1423 1639 1466 1721 in
1495 1640 1619 1748 planis
1641 1666 1707 1722 or-

125 1764 247 1848 bium
278 1783 533 1846 cometatum
564 1787 637 1872 pet
663 1763 788 1844 soletn
815 1763 1108 1848 transeuntibus
1135 1769 1331 1866 jacentes,
1361 1761 1526 1845 deviant
1554 1763 1603 1844 ab
1632 1791 1705 1874 opt

123 1887 331 1999 positione
348 1885 439 1970 solis
460 1887 500 1970 in
521 1911 586 1986 eas
605 1885 764 1996 semper
790 1910 937 1996 partes,
964 1912 1062 1999 quas
1082 1886 1213 1995 capita
1245 1887 1286 1969 in
1308 1885 1475 1969 orbibus
1490 1937 1492 1942 -
1507 1887 1584 1968 illis
1609 1913 1705 1998 pror

123 2011 358 2122 gredientia
389 2012 636 2125 relinquunt.
692 2009 821 2123 Quod
850 2011 1065 2121 speslatori
1085 2011 1126 2094 in
1148 2012 1207 2093 his
1230 2013 1355 2120 planis
1378 2011 1602 2095 constituto
1635 2039 1702 2122 ap·

122 2155 271 2247 parent
298 2135 341 2218 in
367 2134 587 2245 partibusa
610 2134 693 2219 sole
714 2134 870 2219 diresle
898 2135 1067 2230 avetsrsa
1097 2133 1358 2242 digrediente
1385 2137 1701 2246 autemspesla·

123 2283 222 2346 tore
255 2260 309 2343 de
334 2258 394 2341 his
414 2259 555 2368 planis,
583 2257 764 2342 deviatio
786 2259 978 2368 paulatim
998 2259 1181 2354 sentitur,
1210 2255 1252 2338 δε
1273 2258 1402 2340 indies
1432 2281 1596 2368 apparet
1617 2287 1714 2345 ma·-

119 2386 206 2498 jor.
263 2382 392 2495 Quod
421 2382 602 2466 deviatio
630 2381 789 2467 caeteris
816 2382 977 2490 paribus
1002 2384 1136 2469 minor
1165 2380 1223 2466 est
1245 2383 1317 2466 ubi
1334 2383 1463 2467 cauda
1493 2386 1720 2499 obliquior·

123 2505 256 2595 estad
278 2503 419 2590 orbern
439 2523 630 2600 cometae,
657 2521 704 2586 ut·
724 2500 766 2584 dc
789 2501 861 2584 ubi
884 2525 1005 2613 caput
1026 2525 1201 2588 cometae
1229 2502 1279 2585 ad
1299 2503 1424 2587 solem
1439 2506 1616 2618 propius
1634 2537 1699 2593 ac·
1861 2497 1863 2500 ’

122 2629 261 2732 oedit3
282 2629 505 2746 praesertim
527 2628 556 2713 fi
575 2627 775 2738 spetletur
790 2626 1033 2712 deviationis
1052 2628 1218 2738 angulus
1234 2627 1349 2735 juxta
1368 2649 1489 2738 caput
1511 2654 1717 2720 cometas--

119 2751 466 2866 Praeteteaquod
489 2751 635 2836 caudae
662 2776 745 2834 non
773 2748 983 2836 deviantes
1008 2767 1202 2862 apparent
1230 2748 1363 2848 reslae,
1392 2751 1602 2838 deviantes
1627 2783 1695 2842 au·

121 2881 513 2967 tent-incurvantur.
570 2875 702 2986 Quod
720 2895 935 2958 curvatura
955 2873 1084 2983 major
1106 2873 1164 2961 est
1184 2873 1255 2957 ubi
1275 2873 1402 2982 maior
1421 2873 1480 2958 est
1500 2876 1715 2978 deviatio„

121 3005 175 3092 &r
192 3003 318 3113 magis
348 3000 539 3085 sensrbilis
565 3000 638 3082 ubi
670 2997 800 3080 cauda
828 2999 985 3079 caeteris
1011 2997 1174 3106 paribus
1204 2998 1366 3102 longior
1395 2997 1475 3080 est:
1521 3027 1614 3084 nam
1652 3003 1713 3086 int

120 3125 382 3217 brevioribus
408 3141 625 3207 curvatura
651 3143 760 3228 aegre
791 3117 1140 3201 animadvertitur.
1200 3119 1328 3228 Quod
1353 3117 1595 3206 deviationis
1627 3153 1694 3207 an-

119 3254 240 3364 gulus
262 3246 397 3334 minor
417 3245 475 3330 est
500 3242 615 3351 juxta
639 3261 761 3352 caput
784 3260 971 3336 cometas,
1000 3238 1128 3347 major
1155 3238 1270 3348 juxta
1298 3239 1439 3324 cauda
1462 3245 1711 3329 extr-emita·-

120 3397 210 3462 tem
234 3372 415 3466 alteram,
433 3389 557 3480 atque
578 3363 677 3450 ideo
695 3362 811 3476 quod
832 3361 962 3446 cauda
984 3388 1174 3447 convexo
1191 3361 1252 3446 sui
1273 3363 1398 3447 latere
1419 3385 1551 3474 partes
1571 3365 1709 3478 respi··
1758 3379 1770 3386 “

119 3500 180 3584 cit
201 3493 388 3606 aquibus
401 3491 452 3576 sit
473 3488 667 3584 deviatio,
695 3511 871 3599 quaeque
891 3487 934 3569 in
957 3487 1066 3570 tella
1085 3487 1174 3570 sunt
1196 3486 1301 3569 linea
1324 3513 1346 3568 a
1369 3486 1451 3569 sole
1469 3511 1541 3596 per
1568 3513 1705 3600 caput:

119 3616 364 3707 cometam
385 3613 591 3698 infinitum
620 3605 753 3694 duda.
810 3605 865 3692 Et
896 3607 1012 3722 quod
1040 3607 1181 3694 caudae
1214 3634 1309 3721 quac
1331 3607 1574 3719 prolixiores
1591 3611 1704 3696 sunt·

119 3734 434 3834 aetatiores&
464 3735 557 3820 luce
587 3733 799 3841 vegetiorc
831 3729 999 3828 micant,
1039 3729 1115 3816 srnt
1144 3729 1195 3814 ad
1216 3731 1340 3814 latera
1364 3734 1713 3843 convexapaulo›

118 3857 475 3978 splendidiores&
506 3857 635 3944 limite
662 3867 792 3944 minus
818 3854 1051 3941 indistinslo
1074 3854 1302 3940 terminatae
1327 3882 1449 3969 quam
1471 3857 1521 3941 ad
1542 3883 1706 3943 conca·-

117 4015 182 4075 va.
239 3985 427 4072 Pendent
451 3985 577 4095 igitur
597 3984 865 4094 phaenomena
884 3980 1025 4066 caudae
1041 4007 1064 4064 a
1083 4002 1202 4066 motu
1220 3980 1377 4091 capitis,
1408 4006 1493 4064 non
1511 3999 1647 4066 autem
1666 4009 1709 4066 aa

117 4109 291 4222 regione
314 4108 414 4192 coeli
437 4107 479 4190 in
502 4131 583 4218 qua
605 4123 728 4215 caput
766 4102 1042 4213 conspicitur;
1071 4105 1113 4188 δι
1136 4122 1354 4215 propterea
1379 4129 1465 4188 non
1490 4103 1592 4188 siunt
1613 4129 1710 4214 per:

117 4231 405 4322 restaslionem
426 4230 647 4327 coelorum,
665 4227 733 4312 sed
754 4254 783 4311 a.
798 4225 932 4339 capite
952 4225 1236 4340 suppeditante
1255 4227 1466 4312 materiam
1486 4228 1687 4312 oriuntur.

116 4354 287 4442 Etenim
314 4369 360 4437 ut
384 4353 426 4438 in
447 4359 540 4436 aere
565 4349 703 4436 nollro
731 4348 866 4434 sumus
886 4351 1073 4462 corporis
1101 4347 1273 4458 cujusvis
1305 4347 1422 4457 igniti
1447 4349 1553 4454 petit
1573 4346 1708 4459 supe·-

118 4482 242 4577 riora,
273 4479 401 4592 idque
419 4479 485 4561 vel
510 4473 901 4588 perpendiculariter
926 4473 955 4560 s1
980 4499 1129 4585 corpus
1152 4471 1348 4587 quiescat,
1376 4473 1441 4556 vel
1467 4472 1636 4588 oblique
1658 4473 1708 4560 st.-

120 4627 270 4715 corpus
294 4620 506 4687 moveatur
534 4601 578 4686 in
596 4603 698 4686 latus
712 4619 732 4685 ε·
751 4600 807 4684 ita
827 4600 869 4684 in
891 4599 1023 4700 coelis,
1051 4600 1318 4709 ubicorpota
1338 4601 1538 4709 gravitant
1562 4601 1606 4684 in
1622 4597 1704 4681 so-·

119 4733 215 4830 lesu,
240 4725 347 4814 futui
366 4724 409 4810 dc
428 4751 599 4842 vapores
624 4724 842 4816 ascendere
862 4723 1018 4814 debent
1043 4723 1170 4812 asole
1199 4723 1286 4828 (uti
1308 4723 1392 4835 jam
1417 4724 1572 4814 dissum
1600 4720 1706 4931 aig·
1842 4719 1849 4724 ’
