4352 5646
434 249 830 350 PRINCIPIA
880 246 1474 354 MATHEMATICA.
1654 294 1749 390 423

240 425 343 508 Sunt
368 423 490 507 etiam
519 419 606 505 aliae
636 411 870 531 quaedama
904 419 1106 529 prioribus
1142 419 1379 505 astronomis
1414 448 1497 508 non
1527 423 1747 514 observatae
1788 432 1943 571 Thur*

187 549 490 661 Inaequalitates,
517 546 663 657 quibus
685 563 819 626 motus
843 545 1000 627 lunares
1026 543 1130 626 adeo
1157 545 1458 653 perturbantur,
1486 567 1531 630 ut
1559 551 1664 632 nulla
1685 554 1751 636 ha·

187 671 338 756 slenus
352 676 442 811 lege
471 669 522 753 ad
549 670 729 777 regulam
750 669 924 778 aliquam
953 689 1107 751 certam
1135 667 1279 782 reduci
1309 671 1530 779 potuerint.
1586 671 1755 758 Veloci-

186 818 288 882 tates
314 799 423 882 enlm
450 796 520 879 seu
547 815 683 878 motus
713 793 864 876 horarii
895 795 1052 903 apogaei
1077 789 1120 874 &
1153 793 1358 876 nodorum
1386 797 1506 894 lunae‚
1535 794 1578 880 dc
1610 824 1757 882 eorun-

186 923 282 1006 dem
304 922 562 1035 aequationes,
590 939 636 1002 ut
653 917 697 1001 dr
720 913 950 1002 differentia
976 920 1082 1002 iuter
1102 919 1452 1004 eccentricitatem
1480 923 1693 1005 maximam
1711 925 1753 1008 ln

184 1047 411 1157 syzygiis&
430 1045 636 1128 minimam
659 1046 700 1126 in
714 1041 980 1154 quadraturis,
1008 1040 1320 1154 &inaequalitas
1343 1072 1436 1157 quae
1463 1047 1631 1129 variatio
1651 1049 1751 1131 dici·

185 1191 266 1270 tur,
294 1191 492 1279 augentur
511 1194 557 1250 ac
586 1166 867 1250 dIminuuntur
895 1165 1099 1250 annuatim
1120 1171 1211 1274 (per
1235 1171 1362 1251 corol.
1385 1197 1443 1274 14·
1482 1177 1749 1280 propuxvr.)

185 1296 228 1380 in
253 1295 452 1406 triplicata
481 1293 638 1374 ratione
665 1290 853 1374 diametri
878 1289 1103 1400 apparentis
1129 1289 1275 1373 solaris.
1331 1289 1386 1374 Et
1408 1293 1576 1375 variatio
1607 1317 1751 1402 prute-

185 1447 254 1504 rea
280 1439 451 1529 augetur
470 1420 536 1501 vel
557 1416 798 1501 diminuitur
829 1417 871 1502 in
894 1416 1097 1526 duplicata
1123 1415 1280 1500 ratione
1310 1419 1504 1529 temporis
1534 1418 1639 1502 inter
1655 1447 1751 1532 qua·

185 1543 365 1630 draturas
390 1569 511 1658 quam
537 1544 725 1652 proxime
760 1548 851 1654 (per
882 1543 1008 1625 corol.
1043 1567 1077 1637 1,
1119 1539 1161 1622 δι
1203 1569 1239 1624 2.
1275 1543 1368 1626 lem.
1395 1571 1430 1627 x.
1471 1541 1513 1626 dc
1540 1547 1666 1628 corol.
1692 1551 1749 1625 16.

184 1695 300 1780 prop.
328 1697 445 1755 uxvr.
482 1667 548 1752 lib.
566 1676 620 1778 1.)
647 1666 717 1750 sed
747 1668 834 1750 haec
867 1668 1113 1779 inaequalitas
1141 1667 1183 1750 ln
1210 1668 1366 1750 calculo
1397 1669 1668 1757 allronomico
1697 1669 1751 1754 ad·

183 1793 538 1908 prollhaphaerefin
566 1795 672 1877 lunae
698 1791 841 1878 reserri
861 1792 976 1892 solet,
1004 1791 1046 1877 &
1065 1820 1162 1878 curn
1184 1819 1230 1878 ea
1250 1794 1461 1880 confundi.

321 2117 790 2214 PROP081T10
828 2122 996 2214 XXIII.
1078 2120 1492 2214 PROBLEMA
1540 2120 1606 2220 V.

184 2299 337 2397 Motus
364 2294 600 2432 inaequales
605 2295 852 2414 satellitum
861 2295 981 2424 jovis
1007 2295 1257 2418 &scamni
1275 2333 1305 2394 a
1323 2297 1502 2396 matilas
1526 2299 1747 2400 lunaribus
1805 2313 1808 2320 ⁴

854 2433 1073 2533 derivare.

239 2691 306 2780 Ex
336 2696 516 2781 motibus
543 2695 651 2778 lunae
678 2695 823 2779 nollrae
854 2715 989 2780 motus
1027 2697 1184 2804 analogi
1219 2699 1403 2782 lunarum
1435 2697 1501 2783 seu
1534 2699 1748 2796 satellitum

180 2817 286 2928 jovis
306 2820 357 2903 src
374 2820 619 2904 deriuantur.
675 2815 819 2902 Motus
843 2819 1001 2904 medius
1022 2821 1228 2904 nodorum
1258 2823 1431 2906 satellitis
1459 2825 1601 2906 extimi
1624 2823 1751 2932 jovia-

184 2945 244 3043 lis,
274 2943 406 3031 estad
433 2967 593 3028 motum
623 2942 806 3026 medium
826 2944 1032 3028 nodorum
1058 2946 1163 3026 lunae
1191 2944 1351 3040 nostrae,
1380 2946 1423 3027 ln
1451 2947 1607 3030 ratione
1638 2974 1750 3030 com-

1 3047 2 3054 *
84 3083 88 3088 '
181 3069 308 3180 posrta
329 3097 383 3154 ex
409 3072 566 3153 ratione
587 3066 790 3176 duplicata
819 3065 1014 3177 temporis
1042 3065 1245 3174 periodici
1272 3087 1390 3149 terrae
1418 3067 1526 3148 circa
1557 3069 1679 3150 lolem
1698 3071 1749 3152 ad

182 3211 341 3306 tempus
373 3193 632 3304 periodicum
659 3189 764 3297 jovis
798 3191 907 3273 circa
932 3189 1070 3282 solem,
1100 3187 1142 3270 &
1171 3191 1329 3271 ratione
1359 3188 1526 3296 simplici
1558 3193 1750 3300 temporis

181 3318 384 3428 perlodici
404 3316 578 3399 satellitis
606 3313 715 3396 circa
730 3311 869 3418 jovem
885 3313 935 3394 ad
957 3333 1116 3420 tempus
1134 3311 1393 3418 periodicum
1417 3311 1521 3392 lunae
1544 3311 1651 3394 circa
1669 3335 1751 3396 rer·

182 3469 267 3529 ram
290 3447 380 3552 (per
396 3442 523 3525 corol.
541 3447 598 3521 16.
626 3464 742 3549 prop.
763 3464 880 3521 nxvr.
906 3439 972 3521 lib.
994 3441 1047 3546 1.)
1065 3437 1245 3548 ideoque
1272 3438 1381 3520 annis
1398 3457 1563 3519 centum
1584 3440 1752 3524 conficit

182 3569 315 3654 nodus
334 3566 405 3651 ille
428 3569 503 3648 821.
529 3561 611 3673 24'.
639 3567 680 3649 iu
701 3565 995 3650 antecedentia.
1054 3562 1199 3646 Motus
1225 3563 1350 3646 medii
1377 3562 1582 3647 nodorum
1611 3563 1752 3650 satelli·

182 3717 270 3780 turn
297 3695 538 3780 InterIorum
558 3695 648 3778 sunt
670 3691 719 3775 ad
742 3712 901 3775 motum
931 3691 1060 3799 hujus,
1087 3710 1132 3774 ut
1156 3690 1318 3774 illorum
1338 3712 1522 3799 tempora
1542 3691 1753 3799 periodica

182 3821 231 3904 ad
259 3843 417 3932 tempus
440 3819 697 3932 periodicum
727 3815 842 3924 hujus
865 3817 1085 3926 (peridem
1108 3815 1387 3926 corollarium)
1407 3815 1449 3896 dr
1473 3814 1568 3896 inde
1591 3813 1750 3899 dantur.

182 3943 327 4030 Motus
346 3968 481 4028 autem
509 3947 620 4053 augis
639 3943 816 4026 satellitis
845 3941 1037 4055 cujusque
1057 3942 1098 4025 in
1121 3939 1409 4051 consequentia
1437 3939 1562 4023 estad
1592 3963 1750 4025 motum

182 4068 389 4155 nodorum
420 4067 540 4178 ipsrus
570 4070 611 4150 in
635 4067 929 4162 antecedentia,
967 4087 1012 4176 ut
1038 4086 1172 4148 motus
1207 4065 1364 4172 apogaei
1392 4067 1497 4166 lutae
1526 4063 1671 4146 nollrae
1696 4065 1747 4148 ad

181 4193 296 4303 hujus
323 4213 484 4278 motum
508 4191 729 4288 nodorum,
757 4191 848 4300 (per
874 4191 985 4272 idem
1019 4190 1166 4300 corol.)
1195 4189 1235 4270 &
1262 4188 1358 4270 inde
1380 4187 1509 4270 datur.
1563 4183 1750 4274 DimInui

182 4342 316 4406 tamen
338 4319 463 4405 debet
491 4339 627 4403 motus
653 4317 764 4426 augis
795 4315 847 4399 fic
873 4318 1059 4400 inventus
1087 4317 1128 4399 ln
1157 4302 1312 4397 ratione
1344 4341 1366 4416 5
1391 4313 1441 4394 ad
1470 4341 1492 4418 9
1514 4311 1578 4394 vel
1604 4339 1621 4392 1
1645 4313 1696 4395 ad
1723 4341 1747 4393 2

181 4445 358 4543 circiter,
385 4443 612 4528 obcausam
633 4470 755 4556 quam
776 4443 843 4526 hic
867 4469 1074 4553 exponere
1100 4467 1181 4524 non
1205 4457 1332 4523 vacat.
1376 4437 1646 4549 AEquationes
1665 4465 1747 4520 ma-

180 4571 303 4656 almae
323 4569 528 4655 nodorum
556 4567 734 4678 &augis
762 4567 938 4652 satellitis
969 4565 1161 4679 cujusque
1188 4565 1274 4649 sere
1301 4562 1391 4648 sunt
1418 4564 1467 4645 ad
1497 4563 1747 4672 aequationes

180 4693 373 4778 maximas
406 4694 612 4778 nodorum
642 4693 815 4800 &augis
843 4695 949 4778 lunae
968 4691 1202 4802 respeslive,
1230 4710 1275 4772 ut
1306 4709 1446 4772 motus·
1472 4689 1678 4771 nodorum
1706 4683 1749 4763 dc

180 4809 292 4932 augis
320 4819 533 4904 satellitum
565 4843 752 4932 tempore
784 4821 901 4904 unius
936 4819 1199 4904 revolutionis
1237 4815 1750 4929 aequationum-priorum,

180 4951 231 5036 ad
253 4968 388 5034 motus
401 4946 608 5034 nodorum
622 4947 664 5030 &
680 4945 839 5058 apogaei
857 4947 1170 5055 lunaercmpore
1192 4945 1308 5028 unius
1324 4938 1588 5026 revolutionis
1616 4963 1752 5048 aequa·

1592 5083 1751 5146 tronum

1788 511 1985 572 'I'Qertrrus
