4338 5656
458 261 556 356 514
720 235 1254 342 PHILOSOPHIAE
1300 237 1759 341 NATURALIS

242 383 431 529 ξᾏζζξξζ
456 393 583 482 destit.
648 393 772 484 Unde
802 400 923 484 etiam
957 399 1100 486 caudae
1132 423 1389 488 cometarum
1410 402 1599 502 aliorum,
1628 427 1722 516 quae
1747 403 1893 492 breves
1923 407 2037 508 sunt,
2148 429 2149 442 ¹

456 549 539 611 non
553 523 774 612 ascendunt
790 547 908 610 motu
921 527 1046 611 celeri
1063 524 1106 610 δι
1121 548 1323 638 perpetuo
1337 556 1359 612 a
1372 529 1571 646 capitibus
1587 526 1630 612 δι
1653 555 1751 612 ιιιοιι
1770 535 2038 634 evanescunt,

456 651 528 736 sed
556 651 646 737 sunt
674 649 956 763 permanentes
982 677 1180 763 vaporum
1203 651 1246 736 &
1266 655 1572 740 exhalationum
1593 656 1812 755 columnae,
1843 665 2038 774 acaplti.

457 778 532 862 bus
551 775 771 862 lentissimo
790 778 1013 864 multorum
1033 778 1193 863 dierum
1214 801 1331 864 motu
1349 799 1596 892 propagate,
1617 804 1724 890 quae,
1742 785 2039 896 participando

460 927 623 992 motum
644 904 758 988 illum
781 904 961 1014 capitum
980 929 1106 1016 quem
1130 903 1306 988 habuere
1334 905 1405 1016 sub
1424 906 1561 1000 initio,
1586 929 1660 1014 per
1679 907 1810 989 coelos
1828 933 1911 992 una
1938 939 2036 999 cum
2146 893 2149 1002 l

461 1031 661 1142 capitibus
683 1029 838 1112 moveri
861 1049 1048 1140 pergunt.
1097 1024 1161 1112 ·Et
1188 1030 1283 1114 hinc
1313 1029 1445 1115 rursus
1471 1027 1676 1138 colligitur
1705 1028 1828 1140 spatia
1847 1035 2035 1120 coelellia

459 1158 502 1242 vi
528 1151 733 1240 resiliendi
761 1151 946 1248 dellituia
976 1171 1123 1264 utpote
1144 1157 1185 1238 in
1205 1155 1351 1267 quibus
1371 1181 1454 1240 non
1475 1156 1606 1239 solum
1630 1153 1755 1238 solida
1775 1155 2036 1263 planetarum

462 1283 506 1366 &
529 1297 784 1366 cometarum
802 1303 989 1386 corpora,
1017 1275 1086 1362 sed
1107 1279 1230 1362 eriam
1250 1279 1442 1364 rarislimi·
1454 1279 1678 1364 caudarum
1699 1303 1871 1388 vapores
1896 1305 2036 1370 motus

459 1407 552 1495 suos
570 1405 842 1492 velocissimos
868 1403 1074 1488 liberrime
1102 1426 1300 1514 peragunt
1320 1433 1366 1490 ac
1389 1403 1610 1494 diutissrme
1631 1402 1888 1490 conservant.

512 1532 736 1618 Ascensum
770 1530 992 1615 caudarum
1020 1556 1073 1616 ex
1105 1531 1378 1640 atmosphaeris
1413 1533 1594 1643 capitum
1629 1529 1672 1612 dt
1702 1527 2004 1640 progressum
1993 1563 2032 1619 ιιι

453 1679 589 1774 partes
608 1684 629 1740 a
645 1654 728 1740 sole
746 1653 898 1738 aversas
912 1654 1112 1763 Keplerus
1128 1680 1149 1736 a
1152 1650 1289 1738 scribit
1308 1657 1457 1741 actioni
1476 1655 1684 1740 radiorum
1701 1653 1802 1736 lucis
1821 1657 2036 1742 materiam

455 1782 598 1868 caudae
616 1778 754 1866 secum
774 1778 1030 1889 rapientium
1088 1773 1143 1863 Et
1163 1803 1299 1862 auram
1320 1780 1444 1889 longe
1471 1777 1774 1864 tenuissimam
1764 1802 1808 1860 tn
1827 1777 1962 1887 spatiis
1988 1783 2033 1865 li-

453 1907 643 1992 berrimis
665 1900 813 1988 astioni
833 1903 1042 1986 radiorum
1063 1900 1228 2020 cedere,
1248 1928 1332 1988 non
1352 1905 1410 1988 est
1430 1931 1453 1988 a
1479 1904 1638 1989 ratione
1657 1899 1822 2043 prorsus
1842 1903 2031 1996 alienum,

454 2029 753 2120 nonobstante
790 2026 906 2138 quod
940 2026 1165 2111 subllantiae
1196 2025 1332 2112 crassae
1367 2027 1733 2141 impeditissimis
1723 2053 1767 2112 ιιι
1797 2028 2028 2136 regionibus

454 2150 600 2242 nostris
628 2145 796 2234 aradus
827 2146 919 2232 solis
942 2146 1176 2232 sensibiliter
1203 2151 1375 2260 propelli
1402 2173 1619 2264 nequeant.
1675 2149 1793 2234 Alius
1819 2148 2033 2261 particulas

453 2293 538 2362 tam
557 2277 667 2360 leves
687 2297 811 2388 quam
834 2295 975 2379 graves
998 2271 1085 2355 dari
1115 2268 1227 2384 polle
1256 2273 1470 2371 existimat,
1500 2273 1544 2358 dc
1564 2274 1780 2358 materiam
1809 2273 2032 2360 caudarum

451 2403 634 2498 levitate,
663 2422 819 2510 perque
844 2395 1053 2481 levitatem
1072 2395 1182 2480 suam
1202 2423 1225 2482 a
1249 2397 1332 2485 sole
1354 2397 1588 2484 ascendere.
1647 2397 1759 2482 Cum
1781 2419 1921 2482 autem
1945 2424 2033 2508 gra·

450 2531 553 2618 vitas
572 2547 797 2638 corporum
817 2521 1065 2607 terrestrium
1087 2521 1133 2606 srt
1153 2539 1199 2606 ut
1219 2523 1388 2608 materia
1403 2524 1446 2609 in
1468 2525 1726 2635 corporibus,
1752 2521 1935 2634 ideoque
1950 2524 2034 2608 ser·
2148 2563 2149 2592 ι

449 2671 544 2738 vata
573 2650 803 2763 quantitate
828 2649 1009 2732 materie
1030 2645 1188 2732 intendi
1215 2645 1258 2730 &
1285 2649 1442 2732 remitti
1470 2668 1663 2762 nequeat,
1694 2646 1871 2790 suspicor
1892 2651 2034 2736 ascen·

448 2771 539 2860 sum
554 2775 669 2861 illum
688 2799 743 2860 ex
761 2768 1028 2858 raresaslione
1052 2771 1231 2856 materiae
1251 2771 1472 2857 caudarum
1499 2773 1639 2886 potius
1657 2773 1766 2858 oriri
1829 2772 2035 2860 Ascendit

450 2895 628 2982 sumus
618 2924 660 2982 ιιι
692 2895 854 2981 camino
878 2894 1053 3003 impulsu
1085 2894 1187 2978 a'eris
1221 2893 1289 2978 cui
1314 2895 1481 2981 innatat.
1535 2897 1626 2980 Ae'r
1651 2897 1716 2980 ille
1746 2919 1823 3003 per
1839 2898 2035 2982 calorem

449 3020 669 3107 raresaslus
698 3017 893 3117 ascendit,
931 3017 987 3104 ob
1014 3017 1258 3104 diminutam
1287 3017 1396 3104 suam
1433 2999 1672 3131 gravitatem
1702 3017 1953 3129 specificam,
1979 3020 2038 3106 δι

449 3143 610 3234 sumum
634 3147 888 3257 implicatum
912 3145 1016 3254 rapit
1040 3142 1190 3229 secum.
1248 3141 1408 3254 Quidni
1433 3145 1562 3231 cauda
1582 3163 1757 3230 cometa:
1774 3143 1827 3228 ad
1847 3143 2029 3232 eundem

450 3271 625 3358 modum
651 3264 877 3355 ascenderit
896 3292 919 3349 a
939 3266 1047 3349 sole?
1078 3270 1182 3351 Nam
1201 3266 1303 3351 radii
1325 3269 1470 3354 solares
1485 3296 1570 3356 non
1587 3267 1741 3378 agitant
1762 3267 1908 3362 media,
1928 3293 2028 3380 quae

450 3411 678 3514 permeant,
707 3391 779 3477 nist
811 3391 853 3474 in
886 3387 1182 3476 reflexione&
1213 3393 1468 3482 resraslione.
1524 3392 1742 3480 Particulae
1771 3388 2035 3479 refleslentes

451 3549 500 3608 ea
530 3519 690 3605 actione
722 3511 922 3600 calesatlae
962 3514 1202 3602 calefaciens
1232 3547 1370 3606 auram
1400 3522 1618 3604 aetheream
1655 3517 1725 3602 cui
1755 3515 2030 3627 implicantur.

451 3647 520 3733 illa
539 3645 675 3729 calore
697 3640 1086 3727 sabicommunicato
1105 3643 1278 3742 raresiet,
1298 3643 1414 3730 &ob
1433 3644 1678 3730 diminutam
1695 3667 1742 3728 ea
1755 3641 1923 3726 raritate
1939 3666 2031 3750 gra·

452 3773 623 3860 vitatem
653 3764 763 3850 suam
789 3763 1032 3878 specificam,
1063 3795 1144 3880 qua
1166 3778 1275 3880 prius
1295 3737 1489 3854 tendebat
1515 3770 1557 3854 in
1587 3767 1730 3865 solem,
1768 3764 2030 3851 ascendet&

451 3889 591 3982 secum
616 3891 746 4002 rapiet
771 3891 986 4002 particulas
1018 3889 1276 3978 reflectentes
1311 3921 1365 3980 ex
1397 3893 1544 4008 quibus
1572 3892 1705 3977 cauda
1733 3888 2035 3999 componitur:-

452 4019 524 4106 Ad
546 4014 752 4101 ascensum
771 4041 968 4128 vaporum
989 4015 1185 4101 conducit
1198 4020 1336 4116 etiam,
1354 4017 1469 4131 quod
1490 4017 1531 4102 hi
1556 4033 1750 4126 gyrantur
1767 4015 1876 4098 circa
1896 4012 2028 4100 solem

454 4141 498 4228 δι
525 4169 572 4230 ea
596 4137 753 4224 adione
781 4159 981 4224 conantur
1007 4166 1029 4223 a
1053 4138 1134 4226 sole
1158 4141 1369 4236 recedere,
1400 4159 1440 4226 at
1466 4140 1556 4226 solis
1583 4137 1852 4251 atmosphaera
1875 4135 1918 4222 δι
1944 4163 2027 4223 ma·

455 4269 555 4354 teria
581 4267 786 4351 coelorum
816 4266 880 4350 vel
906 4266 1022 4377 plane
1047 4269 1228 4381 quiescit,
1257 4270 1321 4354 vel
1343 4287 1460 4354 motu
1477 4265 1564 4351 solo
1582 4291 1708 4380 quem
1727 4291 1750 4348 a
1769 4261 1862 4347 solis
1882 4263 2024 4348 rotati-

454 4417 536 4478 one
548 4392 786 4531 acceperit,
816 4390 968 4476 tardius
994 4417 1173 4504 gyratur
1225 4391 1310 4479 Hae
1335 4393 1424 4480 sunt
1450 4391 1580 4478 causae
1599 4391 1781 4478 ascensus
1801 4387 2031 4474 caudarum

453 4517 497 4603 in
520 4473 668 4602 vicinia
689 4515 794 4612 solis,
824 4517 894 4602 ubi
916 4517 1036 4604 orbes
1054 4519 1262 4606 curviores
1279 4519 1386 4616 sunt,
1411 4515 1644 4602 &cometae
1662 4517 1771 4600 intra
1792 4507 2029 4597 densiorem

456 4641 499 4725 δι
530 4667 578 4726 ea
610 4639 767 4728 ratione
795 4643 1025 4752 graviorem
1057 4643 1148 4729 solis
1182 4641 1489 4754 atmosphaeram
1522 4637 1755 4734 consrslunt,
1803 4634 1845 4720 dt
1875 4634 2025 4718 caudas

451 4793 573 4879 quam
597 4767 843 4878 longillrmas
865 4794 965 4856 mox
989 4771 1196 4856 emittunt
1250 4768 1356 4852 Nam
1380 4767 1539 4866 caudae,
1559 4789 1652 4879 quae
1670 4783 1769 4848 tunc
1787 4759 2026 4859 nascuntur,

452 4887 731 4980 conservando
755 4911 916 4982 motum
938 4894 1054 4984 suum
1082 4895 1312 4986 &interea
1335 4891 1470 4980 versus
1492 4891 1617 4980 solem
1644 4884 1901 5092 gravitandp,
1934 4909 2029 4968 mo·

1812 5034 1864 5094 te
1895 5025 2032 5092 untur
