4312 5652
431 255 528 354 194
693 217 1225 322 PHILOSOPHiAE
1261 209 1717 318 NATURALIS

201 393 401 536 mm
484 395 699 542 pontii53
736 397 829 498 dico
863 392 984 537 quod
998 395 1180 536 sphera
1210 390 1373 532 quevis
1400 390 1498 493 alia
1542 389 1731 494 tmilaris
1755 391 2011 498 abeodem

495 555 742 657 attrahitur
789 550 838 654 vi
882 548 1099 692 reciproce
1139 545 1459 690 proportionali
1507 545 1727 686 quadrato
1776 549 2002 688 distantia

490 738 751 813 ccotrorum.

476 953 583 1038 Nam
611 951 818 1064 particulae
843 950 1015 1062 cujusvis
1041 953 1227 1073 attrutiio
1255 951 1319 1036 eii'
1339 951 1552 1062 reciproce
1578 967 1626 1034 ut
1659 951 1903 1064 quadratum
1932 957 1996 1044 di·

422 1079 574 1164 stantiae
594 1079 673 1163 suto
703 1107 726 1162 a
750 1103 895 1163 centro
924 1077 1090 1188 sphaerae
1118 1079 1326 1176 trahentis,
1356 1082 1451 1188 (per.
1471 1099 1588 1186 prop.
1608 1089 1775 1191 cxxro)
1808 1077 1851 1164 δε
1871 1109 1995 1203 prop.

423 1219 534 1287 terea
553 1201 697 1286 eadem
717 1201 786 1297 est,
814 1229 861 1286 ac
882 1202 909 1286 sr
928 1200 987 1284 vis
1003 1223 1088 1285 tota
1101 1203 1304 1286 attrahens
1323 1219 1507 1283 manaret
1527 1199 1583 1284 de
1600 1203 1841 1312 corpuscuio
1870 1211 2004 1295 unico

425 1328 499 1412 sito
528 1329 570 1414 in
589 1347 735 1415 centro
758 1326 875 1436 hujus
906 1325 1084 1442 sphaetae.
1141 1325 1249 1414 Haec
1285 1345 1421 1416 autem
1436 1321 1622 1412 attraflio
1644 1347 1754 1412 tauta
1773 1333 1844 1429 est,
1871 1361 1992 1448 quan.

425 1473 466 1538 ta
500 1451 608 1538 foret
635 1451 806 1538 viciffim
837 1451 1021 1537 attraiiio
1050 1451 1279 1564 corpusculi
1308 1449 1503 1558 ejusdem,
1543 1449 1727 1538 simodo
1753 1457 1851 1542 illud
1879 1463 1997 1548 afin-

423 1579 527 1688 gulis
554 1576 729 1690 sphaerae.
746 1576 924 1664 attracio
953 1575 1168 1687 particulia-
1188 1575 1332 1662 eadem
1365 1575 1406 1660 vi
1435 1577 1678 1676 traheretur,
1711 1605 1791 1694 qua
1812 1583 1913 1696 ipsas
1939 1609 1997 1674 at.-

424 1704 559 1788 trahit.
616 1699 742 1788 Foret
761 1721 898 1788 autem
924 1701 989 1786 illa
1010 1700 1238 1814 corpusculi
1267 1697 1454 1786 attraiiio
1482 1705 1575 1813 (per
1594 1728 1712 1816 prop.
1738 1717 1906 1820 univ.)
1935 1743 1997 1802 re.

424 1829 592 1943 ciproce
623 1827 938 1944 proportionalis
974 1828 1175 1946 quadrato
1210 1827 1407 1916 distantiae
1439 1825 1519 1914 suae
1555 1855 1579 1912 a
1617 1851 1769 1922 centro
1799 1836 2005 1948 sphaeraen

423 1951 606 2070 ideoque
632 1942 727 2047 huic
752 1959 913 2070 aequatis
934 1951 1121 2046 attratiio
1140 1955 1305 2072 sphaerae
1319 1951 1376 2038 est
1397 1955 1441 2040 in
1455 1955 1600 2043 eadem
1621 1961 1790 2048 ratione.
1809 1963 1996 2082 ἐμω,

482 2081 608 2164 Corol.
636 2107 667 2166 r.
705 2079 978 2172 nttrottiones
1011 2081 1269 2196 sphaerarum,
1302 2079 1440 2168 versus
1471 2081 1564 2167 alias
1598 2081 1768 2196 sphaeras
1799 2088 1998 2210 homoge-

423 2230 533 2304 nets,
559 2204 650 2304 sunt
679 2226 726 2291 ut
758 2205 922 2323 sphaerae
946 2206 1151 2300 trahentes
1178 2205 1388 2322 applicatae
1417 2203 1468 2291 ad
1497 2205 1693 2322 quadrata
1720 2209 1997 2308 distantiarum

424 2339 664 2418 centrorum
683 2331 849 2424 suorum
873 2333 1066 2420 acentris
1087 2359 1241 2431 earum,
1266 2357 1365 2446 quas
1383 2332 1601 2418 attrahunt.

480 2455 661 2542 Corol.2.
702 2457 816 2544 Idem
852 2462 973 2559 valet,
1006 2459 1077 2544 ubi
1107 2457 1259 2570 sphaera
1291 2455 1457 2542 attracio
1482 2459 1605 2544 etiam
1640 2465 1818 2552 attrahit.
1873 2469 1999 2563 Nam·

425 2607 508 2696 que
532 2579 648 2690 hujus
676 2577 824 2694 punfia
852 2581 1003 2699 fingula
1031 2582 1191 2674 trahent
1218 2579 1370 2702 fingula
1396 2581 1558 2668 alterius
1588 2585 1733 2698 eadem
1764 2590 1820 2692 vi,
1847 2600 1996 2708 quanb

423 2698 515 2817 ipfis
534 2693 709 2794 vicissin't
734 2691 975 2805 trahuntui3
1004 2705 1192 2830 ideoque,
1211 2731 1310 2794 cum
1334 2706 1383 2792 in
1399 2707 1513 2794 omni
1536 2705 1776 2799 attraciione
1806 2741 1997 2835 urgeatur

423 2831 516 2941 (per
546 2833 679 2940 legem
709 2843 764 2942 3··)
801 2854 883 2916 tam
914 2829 1109 2942 pontium
1140 2832 1359 2928 attrahens,
1390 2857 1513 2945 quarn
1544 2831 1740 2946 punctum
1768 2840 2000 2946 attrutium,

425 2945 699 3066 geminabitur
719 2959 778 3039 vis
803 2953 1053 3050 attractionis
1069 2976 1238 3052 mutuae,
1267 2955 1511 3047 consetvotis
1534 2963 1883 3072 proportionibus.

479 3080 604 3166 Corol.
625 3107 659 3179 3.
704 3075 863 3170 Eadem
893 3082 1046 3177 omnia,
1077 3105 1171 3192 quae
1197 3078 1376 3190 superius
1406 3080 1460 3168 de
1489 3105 1606 3180 motu
1634 3113 1851 3198 corporum
1886 3097 1999 3183 circa

423 3203 667 3306 umbilicum,
701 3203 939 3289 coniectum
975 3201 1197 3302 setiionum
1237 3205 1511 3293 demonstrata
1546 3207 1653 3311 sunt,
1689 3213 1887 3314 obtinent,
1923 3221 1998 3303 ubi

425 3331 577 3442 fphaera
608 3328 811 3415 attrahens
841 3331 999 3416 iocatur
1025 3329 1067 3418 in
1100 3327 1312 3430 umbilico,
1348 3328 1392 3416 &
1429 3358 1603 3449 corpora
1636 3359 1855 3428 moventur.
1883 3365 2008 3430 extra·

423 3457 627 3574 sphaeram.

482 3583 608 3668 Corol.
627 3611 665 3686 4.
707 3577 767 3666 Ea
788 3609 901 3680 ocro,
930 3609 1023 3694 quae
1048 3582 1239 3669 demoto
1267 3609 1489 3694 corporum
1522 3587 1630 3680 circa
1659 3611 1850 3680 centrum
1885 3597 1997 3680 coni-

425 3731 564 3789 aarum
586 3702 808 3787 setiionuni
838 3705 1179 3806 demonstrantur,
1206 3708 1396 3792 obtinent
1414 3711 1485 3796 ubi
1510 3733 1646 3798 motus
1671 3735 1919 3838 peraguntur
1936 3721 1995 3803 in,

317 3833 321 3840 ’
425 3853 495 3914 cta
512 3827 728 3940 spbaerant.-
2010 3959 2030 4004 ο

448 4041 919 4146 PROPOSITIO
957 4047 1181 4148 LXXVL
1258 4051 1697 4152 THEOREMA·
1737 4061 1974 4162 XXXVI.

425 4223 488 4326 Si:
497 4225 683 4362 sphocrae
708 4221 756 4318 iro
782 4226 1014 4361 progrcffr
1046 4263 1076 4321 a
1109 4255 1253 4328 centro
1289 4231 1369 4330 aol‘
1382 4232 1784 4366 circumferentiam
1820 4241 1839 4376 (
1850 4171 2020 4377 quoad?

493 4379 689 4478 materie
715 4377 971 4513 deofitatem
1002 4377 1062 4488 &3
1088 4381 1183 4480 com
1209 4387 1522 4519 attraiiicoam)
1556 4422 1777 4530 atcunque
1795 4375 1997 4534 'diffimi

495 4530 625 4653 lares,
664 4533 711 4629 iro
732 4535 963 4676 progresso
985 4573 1087 4634 cero
1113 4567 1203 4678 per
1231 4541 1457 4640 circoitrooo
1490 4545 1557 4644 ael
1568 4555 1569 4559 '
1584 4549 1741 4646 datam
1766 4589 1933 4650 onmem
1962 4591 2006 4650 a·-

494 4713 639 4783 ceootro
667 4687 930 4788 diiiootiam
975 4719 1054 4790 root
1080 4695 1275 4832 aocliqoe
1286 4695 1533 4827 stmilare55
1572 4701 1633 4810 &3
1655 4705 1723 4804 vis
1745 4708 2009 4807 aotoottioo

484 4837 643 4983 pontii
668 4845 871 4976 trojosqrre
901 4845 1104 4966 decora-it
1127 4845 1173 4944 in
1205 4849 1630 4987 citoplicatasrationc
1651 4843 1875 4961 diiiaatioc
1896 4900 1991 4958 cor·

1866 5045 2003 5154 porta:
