4312 5652
441 287 534 368 172
702 247 1231 352 PHILOSOPHIAE
1278 243 1737 346 NATURALIS

225 448 283 510 nr.
303 447 420 508 uoru
438 454 612 546 quaque
634 425 685 510 ab
715 425 789 510 hac
817 419 1158 508 determinatione
1188 437 1302 506 tanto
1332 417 1458 526 magis
1487 415 1660 513 aberrat,
1692 431 1847 531 quanto
1875 415 2023 528 major

222 529 399 608 ⁰⁰”‘·'²⁰“
437 558 494 644 est
513 551 728 668 proportio
757 547 874 656 hujus
902 545 1033 632 tertiae
1062 545 1122 630 vis
1144 543 1194 630 ad
1218 545 1322 629 vires
1345 544 1515 652 priores,
1541 543 1699 626 caeteris
1728 542 1920 654 paribus:
1951 565 2017 626 at-

437 707 519 796 que
554 679 651 765 ideo
683 698 777 789 quae
806 673 927 758 saciet
959 688 1004 754 ut
1030 693 1179 779 corpus
1204 669 1264 764 P,
1300 665 1417 752 radio
1448 661 1552 762 TP,
1585 691 1695 749 areas
1722 692 1806 750 non
1832 666 2023 775 amplius

438 801 687 915 temporibus
727 793 1048 910 proportionales
1078 790 1316 886 describat;
1358 808 1481 902 atque
1522 807 1567 872 ut
1601 787 1804 874 aberratio
1844 789 1894 874 ab
1932 790 2023 872 hac.
2126 872 2127 938 p

438 923 815 1045 proportionalitate
852 938 966 1006 tanto
993 919 1120 1028 major
1154 917 1216 1013 lit,
1251 933 1405 1030 quanto
1439 921 1570 1018 major
1605 913 1662 998 est
1700 915 1917 1025 proportio
1950 915 2024 1000 vis·

438 1055 555 1165 hujus
583 1051 714 1137 tertiae
748 1046 800 1132 ad
827 1045 933 1130 vires
957 1063 1134 1128 caeteras.
1204 1041 1327 1126 Orbis
1352 1065 1455 1128 vero
1481 1039 1574 1124 PA
1584 1037 1625 1124 B
1654 1039 1956 1124 aberrationem
1988 1068 2019 1124 a·

440 1183 573 1268 forma
605 1173 781 1285 elliptica
806 1169 972 1282 praefata
1002 1169 1091 1254 haec
1128 1169 1188 1252 vis
1217 1165 1335 1250 tertia
1365 1163 1521 1275 duplici
1547 1161 1600 1248 de
1631 1161 1746 1250 causa
1773 1163 2020 1272 adaugebit,.
2126 1173 2127 1188 *

442 1325 534 1390 tum
556 1299 671 1416 quod
698 1321 781 1382 non
801 1295 998 1406 dirigatur
1017 1319 1045 1376 a
1060 1292 1104 1375 P
1117 1290 1169 1374 ad
1183 1287 1232 1388 T,
1261 1307 1348 1372 turn
1366 1287 1489 1374 etiam
1508 1286 1624 1401 quod
1646 1285 1795 1370 nonlit
1825 1287 2008 1396 recipro·
2112 1189 2127 1477 ἐ

442 1457 492 1516 ce
516 1423 827 1540 proportionalis
851 1416 1273 1534 quadrato-distantiae
1293 1412 1382 1498 PT.
1438 1413 1600 1525 Quibus
1618 1411 1852 1508 intelletiis,
1883 1413 2018 1496 mani·
2116 1480 2121 1513 ,

438 1557 584 1646 sellum
608 1549 678 1648 est,
704 1547 824 1663 quod
842 1571 948 1632 areae
968 1543 1219 1654 temporibus
1240 1563 1328 1626 tum
1350 1539 1526 1626 maxime
1551 1537 1654 1624 fiunt
1673 1538 2019 1650 proportionales,

441 1677 517 1766 ubi·
533 1673 593 1760 vis
611 1671 743 1769 tertia.
769 1667 1027 1756 manentibus
1049 1667 1201 1752 viribus
1233 1663 1404 1759 caeteris,
1438 1661 1484 1747 fit
1511 1661 1703 1758 minimae
1741 1659 1921 1775 &quod
1944 1687 2014 1746 ot·

442 1802 505 1890 bis
533 1799 671 1892 PAB
690 1819 781 1884 tutn
798 1795 974 1880 maxime
995 1791 1157 1879 accedit
1183 1789 1234 1878 ad
1258 1785 1466 1898 praesatam
1485 1783 1660 1872 formam
1677 1785 1915 1897 ellipticam,
1939 1785 2018 1872 ubit

442 1930 505 2016 vis
522 1949 605 2016 tam
630 1921 805 2011 secunda
829 1943 953 2037 quam
981 1918 1119 2018 tertia,
1139 1914 1217 2002 sed
1236 1911 1440 2027 praecipue
1465 1911 1525 1998 uis
1552 1909 1672 1996 tertia
1688 1909 1735 1996 fit
1759 1909 2016 2011 minimum
2126 1849 2129 2022 l

442 2053 573 2167 prima
592 2063 796 2136 manente.

503 3337 749 3455 Exponatur
770 3332 955 3449 corporis
982 3335 1025 3424 T
1045 3332 1232 3424 attradlio
1256 3337 1519 3426 acceleratrix
1544 3329 1681 3427 versus
1707 3338 1835 3453 Sper
1856 3341 2021 3430 lineam·

449 3465 544 3552 S·N
553 3503 565 3564 ς
589 3463 638 3558 ,ἃ
662 3461 966 3552 fiattradliooes
986 3463 1289 3550 acceleratrices
1309 3463 1415 3562 SM,
1443 3462 1535 3546 SN
1543 3465 1717 3577 aequales
1745 3463 1902 3564 ellen'ta
1933 3468 2009 3568 hae,

450 3591 651 3678 trahendo
669 3613 843 3698 corpora
865 3585 958 3672 T&
974 3589 1017 3672 P
1036 3589 1244 3700 aequaliter
1263 3587 1307 3672 δι
1324 3588 1548 3674 secundum
1567 3590 1689 3676 lineas
1717 3593 1932 3702 parallelas,
1959 3591 2012 3678 nil

449 3732 654 3800 mutarent
688 3711 806 3796 suum
847 3735 993 3796 eorum
1019 3711 1070 3794 ad
1097 3713 1286 3796 invicem.
1349 3713 1479 3798 lidem
1505 3713 1588 3822 jam
1621 3711 1758 3802 forent
1790 3741 2012 3827 corporum

448 3839 611 3923 illorum
642 3853 778 3921 motus
806 3835 914 3918 inter
941 3833 981 3916 se
1012 3838 1103 3943 (per
1123 3835 1261 3942 legum
1280 3838 1407 3921 corolr
1427 3841 1513 3946 vr.)
1546 3865 1593 3921 ac
1620 3837 1649 3922 fi
1675 3841 1737 3924 lrae
1757 3839 2019 3925 attradliones

451 3963 713 4052 tollerentur..
759 3955 815 4044 Et
833 3959 917 4068 pati
943 3957 1100 4045 ratione
1130 3959 1361 4045 fiattrattio
1382 3961 1473 4044 SN
1488 3963 1621 4050 minor
1649 3961 1746 4050 ellet
1774 3963 2024 4052 artrae‘lione·

450 4087 555 4186 s-M,
582 4085 743 4172 tolleret
762 4083 1113 4196 ipsa·,attradli0nis
1133 4085 1229 4170 SM
1240 4107 1396 4198 partem
1421 4086 1519 4186 SN,
1547 4087 1591 4172 dt
1616 4110 1800 4175 maneret
1820 4117 1915 4203 pars
1933 4090 2022 4175 sola

449 4211 574 4307 MN,
603 4223 943 4324 quav'temporutn
971 4207 1014 4294 dc
1042 4237 1224 4296 arearum
1251 4211 1675 4322 proportionalitas&
1710 4213 1856 4298 orbitae
1882 4213 2024 4299 forma·-

449 4335 514 4434 illa
543 4333 717 4444 elliptica
739 4332 1060 4441 perturbaretur.
1109 4330 1166 4419 Et
1192 4333 1422 4418 fimilitersr
1447 4335 1645 4420 attradio
1661 4335 1694 4418 S
1700 4335 1753 4418 N
1771 4339 1900 4446 major
1920 4333 2023 4420 effet

448 4453 686 4542 attratlione
712 4455 823 4552 SM,
859 4461 1035 4542 oriretur
1062 4483 1115 4542 ex
1149 4453 1377 4544 differentia
1400 4457 1482 4544 sola
1505 4458 1625 4542 MN
1646 4461 1900 4572 perturbatio
1923 4487 2017 4572 pro·

449 4583 766 4696 portionalitatis
789 4583 831 4668 δι
866 4582 1024 4668 orbito.
1080 4582 1147 4667 Sic
1174 4611 1248 4694 per
1274 4585 1554 4671 attractionem
1576 4587 1607 4670 S
1612 4585 1666 4668 N
1679 4587 1891 4672 reducitur
1914 4588 2016 4676 sem·

446 4735 521 4822 per
547 4708 731 4794 attradlio
754 4711 874 4796 tertin-
902 4710 1084 4822 superior
1107 4711 1207 4796 SM
1228 4711 1278 4796 ad
1307 4713 1589 4800 attradiionem
1620 4715 1747 4815 MN,
1773 4717 2018 4802 attradlione

443 4838 573 4950 prima
593 4834 636 4920 &
655 4836 827 4922 secunda
846 4837 1102 4924 manentibus
1133 4840 1296 4950 prorsus
1327 4840 1576 4926 immutatis:
1613 4841 1657 4926 ἃ
1676 4863 1893 4954 propterea
1912 4863 2024 4926 arem·

441 4989 488 5046 ae
506 4963 777 5076 temporaatd.
794 4965 1236 5078 proportionalitatem,
1264 4965 1306 5049 &
1327 4967 1463 5054 orbita
1483 4967 1620 5055 PAB
1639 4969 1691 5056 ad
1717 4969 1891 5055 sormam
1914 4991 2020 5078 prae-

1889 5091 2018 5178 fatam
