4344 5648
420 89 1471 260 nomenonii-‘mamma
1651 185 1749 285 33⁷

180 333 440 420 velocitatem
470 315 678 420 relativam
720 360 835 446 aquae
876 329 1160 417 descendentis
1198 356 1279 442 qua
1321 325 1565 440 praeterlluit
1605 323 1743 410 circe-l·
1762 325 1977 468 slsum·

180 464 266 546 lum
294 461 592 558 ascendentem,
620 481 667 544 ut
689 459 919 543 dislerentia
953 459 1201 542 circulorum
1235 453 1322 536 EF
1346 453 1390 536 dc
1414 454 1510 570 PQ
1531 452 1583 535 ad
1616 450 1748 535 circu·

181 581 266 665 lum
295 581 388 676 EF,
419 583 499 665 live
531 603 577 664 ut
613 579 902 696 EFq-qu
925 583 973 662 ad
993 576 1113 689 EFq.
1169 578 1228 661 Sit
1256 577 1319 661 illa
1358 577 1550 660 velocitas
1583 571 1748 657 relativa

181 707 344 818 aequalis
382 705 604 801 velocitati,
649 730 730 816 qua
775 703 892 814 supra
933 701 1133 786 ostensum
1178 701 1235 784 est
1272 726 1417 812 aquam
1468 696 1632 784 transire
1674 719 1748 807 per

178 828 293 914 idem
322 830 492 942 spatium
531 831 721 913 annulare
754 826 854 930 dum
883 828 1067 912 circellus
1105 831 1260 912 interea
1291 826 1486 909 immotus
1519 843 1669 921 manet,
1702 821 1745 908 id

180 952 254 1050 est,
307 953 514 1037 velocitati
555 976 678 1064 quam
714 977 817 1063 aqua
857 952 1047 1035 cadendo
1076 951 1120 1034 ἃ
1158 951 1249 1034 casu
1286 950 1359 1032 suo
1391 948 1662 1034 describendo
1693 948 1747 1030 al·

181 1076 403 1160 titudinem
442 1075 516 1157 lG
543 1075 753 1188 acquirere
786 1072 942 1184 potest:
991 1072 1120 1158 &vis
1150 1099 1266 1187 aquae
1295 1073 1337 1156 in
1374 1075 1583 1160 circellum
1612 1073 1746 1158 ascen·

181 1201 351 1286 dentem
384 1200 527 1284 eadem
562 1201 638 1283 erit
672 1226 718 1284 ac
749 1199 858 1309 prius
891 1202 982 1308 (per
1004 1201 1139 1308 legum
1160 1201 1287 1282 corol.
1310 1206 1368 1310 v.)
1394 1199 1438 1282 id
1459 1199 1529 1296 est,
1566 1198 1746 1285 resrsten·

182 1324 238 1407 tia
258 1323 409 1407 circelli
429 1323 680 1408 ascendentis
708 1321 786 1406 etit
810 1319 861 1403 ad
888 1320 1048 1431 pondus
1080 1319 1254 1431 cylindri
1282 1345 1396 1432 aquae
1427 1319 1539 1428 cujus
1563 1320 1659 1406 basis
1689 1323 1747 1407 est

179 1450 364 1534 circellus
395 1448 462 1533 ille
499 1446 742 1532 &altitudo
783 1445 841 1528 est
868 1444 997 1542 416,
1031 1463 1078 1528 ut
1106 1443 1316 1556 Eand
1352 1446 1563 1558 EFq-
1578 1446 1749 1564 ¹PQ

181 1572 506 1687 quamproxime.
562 1569 771 1657 Velocitas
800 1589 936 1652 autem
963 1568 1116 1653 circelli
1141 1571 1219 1654 erit
1246 1570 1297 1653 ad
1323 1569 1598 1667 velocitatem,
1625 1596 1749 1714 quatu

179 1726 284 1812 aqua
312 1695 502 1782 cadendo
528 1693 571 1778 ἃ
597 1694 690 1778 casu
708 1692 781 1778 suo
798 1689 1077 1790 describendo
1103 1693 1361 1780 altitudinem
1385 1694 1459 1779 16
1484 1695 1674 1822 acquirit,
1699 1717 1748 1785 ut

180 1823 359 1935 EFq-
308 1818 496 1934 qu
511 1817 562 1903 ad
581 1813 701 1930 EFq

236 1948 449 2053 Augeatur
485 1941 713 2082 amplitudo
743 1941 931 2026 canalis
919 1967 961 2024 m
990 1939 1220 2026 inlinitum:
1258 1940 1302 2024 δε
1327 1941 1503 2028 rationes
1528 1944 1605 2028 illae
1638 1947 1745 2031 inte-t

179 2061 467 2180 EFq-qu
488 2063 529 2148 δι
551 2063 706 2175 EFq,
695 2083 884 2178 interque
906 2061 1015 2176 EFq
1034 2062 1076 2150 dt
1098 2064 1269 2177 EFq-
1283 2065 1445 2183 —lPQ
1470 2068 1669 2166 accedent
1689 2073 1749 2152 ul·

180 2196 286 2278 timo
303 2189 361 2274 ad
386 2192 562 2274 rationes
579 2189 831 2300 aequalitatis.
864 2185 923 2271 ldt
947 2209 1163 2298 propteroa
1181 2191 1375 2274 velocitas
1396 2192 1548 2286 circelli
1574 2219 1621 2277 ea
1638 2218 1749 2278 nunc

179 2316 259 2406 erit
279 2337 402 2427 quam
417 2337 521 2424 aqua
548 2310 738 2394 cadendo
756 2311 799 2394 δι
819 2311 909 2394 casu
926 2311 998 2394 suo
1017 2311 1287 2398 describendo
1306 2314 1564 2400 altitudinem
1591 2316 1656 2400 IG
1679 2346 1746 2403 ac·

178 2439 342 2557 quirere
369 2435 516 2545 potest,
545 2434 761 2519 resilentia
785 2462 888 2521 >vero
910 2434 994 2545 ejus
1016 2438 1178 2548 aequalis
1203 2439 1349 2524 evadet
1371 2440 1545 2551 ponderi
1569 2443 1747 2550 cylindri

177 2562 291 2674 cujus
310 2561 408 2646 basis
436 2559 494 2644 esl
513 2559 698 2644 circellus
721 2559 787 2642 ille
813 2558 1053 2644 &altitudo
1083 2559 1302 2647 dimidium
1332 2563 1390 2646 est
1416 2563 1638 2672 altitudinis
1665 2566 1746 2657 IG‚

178 2714 301 2800 aqua
319 2682 527 2796 cylindrus
557 2683 706 2767 cadere
727 2681 851 2767 debet
877 2705 923 2769 ut
942 2685 1205 2770 velocitatem
1229 2688 1381 2772 circelli
1411 2687 1662 2774 ascendentis
1679 2718 1747 2776 ac·

179 2813 344 2926 quirat;
372 2805 416 2892 &
437 2807 512 2892 bac
540 2808 758 2892 velocitate
787 2807 1005 2919 cylindrus,
1043 2831 1230 2923 tempore
1256 2811 1445 2911 cadendi,
1472 2813 1745 2928 quadruplum

177 2933 445 3046 longitudinis
463 2932 543 3017 suae
563 2931 778 3018 describet.
844 2931 1083 3019 Resrstentia
1112 2956 1249 3022 autern
1280 2937 1467 3048 cylindri,
1493 2939 1568 3024 hac
1592 2942 1746 3028 veloci·

177 3065 261 3144 tate
285 3055 508 3142 secundum
528 3051 829 3162 longitudinem
852 3051 962 3142 suam
987 3057 1303 3168 progredientis,
1331 3059 1475 3142 eadem
1494 3061 1552 3144 est
1571 3088 1665 3146 cum
1682 3092 1746 3149 re·
1853 3089 1858 3096 ·

177 3181 349 3268 sistentia
376 3181 529 3266 circelli
560 3181 652 3289 (per
672 3181 822 3262 lemma
844 3185 926 3286 ry.)
953 3180 1133 3290 ideoque
1164 3182 1325 3292 aequalis
1349 3179 1406 3264 est
1438 3181 1478 3265 vi
1506 3209 1585 3296 qua
1610 3207 1746 3274 motus

178 3305 277 3414 ejus,
302 3307 455 3390 interea
483 3304 585 3386 dum
610 3299 885 3414 quadruplum
908 3301 1178 3410 longitudinis
1201 3304 1283 3388 suae
1322 3297 1528 3404 describit,
1555 3299 1746 3418 ¹generari

178 3428 311 3541 potest
330 3425 651 3541 quamproxime.
1327 3488 1328 3518 i

232 3551 275 3638 Si
308 3549 529 3657 longitudo
555 3548 729 3658 cylindri
757 3567 953 3658 augeatur
983 3547 1048 3639 vel
1074 3552 1302 3636 minuatur-2
1343 3570 1479 3639 motus
1508 3544 1592 3666 ejus
1618 3581 1665 3646 ut
1698 3560 1744 3646 dc
1783 3583 1786 3594 ’

175 3695 351 3788 tempus,
368 3699 455 3788 quo
485 3673 758 3788 quadruplum
790 3671 1056 3785 longitudinis
1086 3675 1167 3761 suae
1194 3669 1400 3774 describit,
1437 3682 1649 3790 augebitur
1677 3677 1744 3772 vel

177 3801 385 3884 minuetur
412 3801 455 3884 in
484 3798 629 3882 eadem
652 3798 837 3896 ratione;
865 3799 1046 3913 ideoque
1075 3801 1134 3888 vis
1152 3799 1232 3896 illa,
1251 3823 1331 3911 qua
1356 3821 1491 3886 motus
1517 3793 1653 3893 nultus
1677 3813 1743 3898 vel

178 3922 418 4020 diminutus,
459 3941 648 4032 tempore
679 3923 830 4033 pariter
863 3921 982 4007 ausin
1008 3925 1073 4007 vel
1103 3921 1321 4020 diminuto,
1350 3921 1533 4034 generari
1564 3933 1628 4015 vel
1657 3925 1745 4020 tolli

176 4043 316 4156 possit,
353 4069 437 4128 non
466 4044 713 4140 mutabitur;
749 4071 796 4128 ac
822 4046 999 4152 proinde
1031 4045 1254 4130 etiamnum
1287 4049 1446 4159 aequalis
1480 4051 1537 4136 est
1567 4053 1745 4142 resisten-

180 4173 249 4256 tiae
270 4169 461 4279 cylindri,
487 4193 580 4254 nam
600 4165 645 4253 δι
662 4169 750 4252 baec
773 4189 940 4282 quoque
959 4172 1170 4254 immutata
1189 4192 1324 4256 manet
1344 4197 1417 4284 per
1439 4177 1585 4261 lemma
1598 4201 1668 4264 ·1v.

236 4293 278 4380 Si
308 4293 480 4381 densitas
514 4292 688 4404 cylindri
717 4314 911 4404 augeatur
937 4297 1001 4379 vel
1026 4295 1258 4380 minuatur:
1288 4316 1424 4382 motus
1447 4299 1530 4406 ejus
1556 4323 1599 4387 ut
1620 4305 1663 4390 dc
1684 4309 1744 4396 vis

182 4447 263 4533 qua
284 4441 419 4507 motus
444 4418 595 4505 eodem
619 4439 805 4531 tempore
840 4423 1025 4531 generari
1052 4422 1117 4506 vel
1143 4417 1231 4506 tolli
1255 4421 1405 4532 potest,
1440 4413 1481 4508 in
1512 4429 1656 4516 eadem
1682 4461 1745 4518 ra·

181 4545 297 4628 tio'ne
314 4545 528 4653 augebitur
545 4545 617 4630 'vel
645 4546 866 4632 minuetur.
920 4545 1158 4633 Resistentia'
1178 4547 1315 4661 itaque
1342 4547 1514 4657 cylin'dri
1540 4555 1748 4663 cujuscun-

182 4693 266 4784 que
291 4669 368 4753 erit
400 4667 452 4752 ad
485 4671 570 4756 vim
602 4695 681 4784 qua
712 4691 822 4758 totus
857 4670 942 4782 ejus
974 4693 1124 4774 motus,
1160 4672 1314 4760 interea
1346 4673 1445 4763 dum
1476 4669 1748 4789 quadruplum

927 4795 970 4880 X
999 4823 1028 4882 x
1567 4795 1746 4910 longitu-
