4312 5652
415 221 818 321 PRINCIPIA
865 223 1463 325 MATHEMATJCA.
1645 261 1734 354 251

0 423 3 452 ³
170 419 279 481 are-te
305 416 404 482 totae
425 397 475 483 ab
495 398 615 483 initio
638 399 787 507 genitae
819 399 1020 482 ABNK
1043 398 1085 481 dr
1106 401 1248 485 ATD
1267 420 1311 484 ut
1341 401 1462 510 spatia
1490 419 1575 483 tota
1599 397 1648 482 ab
1667 399 1922 541 ini'sss¹⁸¹⁸

175 522 237 606 tio
270 522 482 609 descensus
514 523 726 636 descripta.
782 525 907 639 QE.
929 527 993 609 D.
1830 501 1963 542 ΗΜ

7 671 14 679 ·
228 645 355 729 Corol.
381 676 419 730 2.
461 647 575 731 Idem
601 649 864 760 consequitur
891 651 1014 733 etiam
1042 651 1094 734 de
1116 651 1243 760 spatio
1273 649 1386 764 quod
1417 652 1458 736 in
1486 645 1645 732 ascensu
1672 646 1742 730 de-

170 769 372 855 scribitur.
431 771 639 856 Nimirum
670 770 786 885 quod
817 771 987 882 spatium
1016 772 1115 855 illud
1143 799 1264 856 omne
1295 776 1340 858 s1t
1367 774 1416 856 ad
1444 773 1626 884 spatium,
1654 773 1742 854 uni-

1 939 2 942 *
169 893 295 979 sormi
324 921 421 980 cunt
450 896 670 980 velocitate
692 897 782 982 AC
803 896 953 980 eodem
982 916 1168 1008 tempore
1191 898 1454 1009 descriptum,
1493 921 1537 982 ut
1567 895 1623 982 est
1651 921 1740 978 area

8 1078 10 1087 ι
168 1020 332 1105 ABnk
352 1021 403 1105 ad
425 1017 622 1104 sessorem
640 1021 744 1104 AD
759 1040 789 1102 t.

225 1145 352 1230 Coros.
376 1171 410 1242 3·
449 1139 658 1228 Velocitas
687 1145 872 1254 corporis
904 1163 1094 1256 ternpore
1127 1142 1271 1229 ΛΠ)
1301 1147 1480 1230 cadentis
1509 1145 1566 1229 est
1597 1145 1743 1264 adve-

5 1301 7 1306 ’
167 1269 397 1364 locitatenr,
431 1291 554 1378 quam
583 1265 735 1350 eodem
763 1287 952 1377 ternpore
983 1269 1025 1350 in
1055 1268 1183 1378 spatio
1209 1295 1292 1354 non
1325 1269 1528 1353 resrsienre
1562 1269 1743 1379 acquire-

167 1413 251 1488 ret,
279 1412 325 1475 ut
350 1392 596 1501 triangulum
625 1391 778 1474 APD
805 1391 854 1474 ad
876 1389 1075 1475 sessorem
1095 1392 1405 1503 hyperbolicum
1434 1394 1586 1477 Ars).
1637 1391 1742 1473 Narn

1 1565 7 1596 »
166 1517 363 1600 velocitas
391 1517 432 1600 in
466 1513 606 1598 medio
641 1541 724 1596 non
754 1514 957 1600 resistente
996 1516 1104 1599 soret
1135 1539 1180 1600 ut
1215 1538 1378 1627 tempus
1413 1521 1462 1600 A
1474 1516 1589 1613 Tr),
1625 1513 1668 1596 dr
1701 1515 1743 1599 in

166 1641 312 1726 medio
331 1638 537 1724 resistente
563 1639 620 1723 est
644 1659 690 1723 ut
712 1641 760 1722 A
767 1639 822 1734 P,
850 1639 893 1723 id
915 1641 984 1738 est,
1013 1661 1059 1723 ur
1087 1641 1333 1750 triangulum
1362 1642 1410 1723 A
1424 1641 1463 1722 P
1480 1641 1544 1722 D.
1599 1635 1653 1722 Et
1673 1664 1742 1721 ve-

165 1769 352 1852 locitates
380 1767 457 1849 illae
488 1766 607 1849 initio
642 1764 855 1849 descensus
889 1787 1100 1879 aequantur
1130 1767 1239 1851 inter
1270 1768 1324 1863 se,
1362 1763 1534 1876 perinde
1565 1784 1610 1849 ut
1638 1786 1742 1849 areae

164 1891 244 1978 illae
263 1891 422 1991 ATD,
451 1893 499 1973 A
504 1891 545 1973 P
555 1891 618 1974 D.

221 2017 350 2102 Coros.
374 2049 410 2122 4.
451 2011 615 2098 Eodem
633 2033 876 2124 argumento
908 2015 1100 2100 velocitas
1130 2017 1172 2100 in
1198 2011 1361 2100 ascensu
1394 2013 1452 2097 est
1478 2011 1529 2096 ad
1550 2013 1742 2110 velocita-⁴

165 2162 267 2239 tem,
303 2167 384 2251 qua
414 2164 564 2249 corpus
595 2139 745 2222 eodetn
773 2160 961 2248 ternpore
991 2141 1034 2224 in
1061 2139 1189 2249 spatio
1224 2166 1307 2223 non
1339 2137 1543 2222 refistente
1572 2162 1740 2221 ornnem

164 2265 284 2350 suurn
316 2261 562 2346 ascendendi
586 2281 748 2344 morum
774 2265 962 2346 amittere
987 2259 1132 2373 posset,
1170 2283 1216 2346 ut
1248 2262 1495 2371 triangulum
1524 2261 1662 2368 Ap‘D
1688 2259 1741 2342 ad

163 2387 369 2472 sessorem
388 2385 629 2469 circularem
649 2384 805 2479 ArD3
836 2383 917 2469 srve
941 2407 988 2469 ut
1007 2385 1114 2468 resia
1134 2387 1211 2494 Ap
1238 2384 1289 2468 ad
1310 2409 1451 2468 arcum
1471 2383 1521 2468 A
1526 2399 1557 2465 t.

223 2512 349 2599 Coros.
375 2538 410 2614 5.
447 2504 518 2592 Est
546 2506 672 2616 igitur
697 2525 873 2618 tempus,
907 2533 992 2620 quo
1022 2533 1172 2618 corpus
1199 2509 1244 2592 in
1274 2507 1415 2592 medio
1440 2504 1643 2590 refissente
1674 2531 1743 2589 ca·

162 2632 307 2719 dendo
333 2633 600 2716 velocitatem
621 2629 717 2713 AP
737 2630 926 2743 acquirit,
960 2630 1013 2714 ad
1038 2651 1212 2742 tempus,
1246 2657 1332 2743 quo
1366 2630 1630 2714 velocitatem
1659 2650 1744 2709 ma·

163 2760 322 2844 ximam
352 2755 446 2840 AC
462 2754 503 2836 in
539 2753 668 2864 spatio
698 2779 782 2836 non
816 2753 1021 2838 resistente
1052 2753 1242 2839 cadendo
1276 2755 1487 2866 acquirere
1515 2749 1660 2863 posset,
1695 2771 1744 2836 ut

162 2879 297 2966 sessor
328 2873 556 2961 ADTad
590 2874 835 2983 triangulum
854 2876 1040 2962 ADC:
1068 2876 1111 2961 dc
1138 2896 1315 2987 tempus,
1355 2901 1441 2988 quo
1472 2874 1741 2959 velocitatem

151 3008 239 3118 ‚Ap
258 3004 301 3088 in
325 3001 467 3088 medio
487 2999 692 3086 resistente
712 3000 972 3088 ascendendo
1004 3001 1127 3113 poffit
1155 3003 1359 3099 amittere,
1388 3001 1441 3085 ad
1471 3019 1630 3112 tempus
1651 3025 1739 3114 quo

162 3129 425 3216 velocitatem
441 3125 614 3212 eandem
633 3126 676 3212 in
698 3126 826 3238 spatio
850 3152 935 3212 nun
961 3127 1167 3216 resrstense
1188 3125 1447 3214 ascendendo
1471 3122 1601 3234 posset
1622 3127 1741 3211 arnit-

163 3276 272 3351 tere,
299 3271 345 3338 ut
366 3277 482 3356 arcus
505 3255 580 3337 At
600 3250 652 3334 ad
672 3249 757 3356 ejus
784 3269 1020 3359 tangentem
1036 3257 1125 3362 Ap.

221 3377 350 3460 Coros.
373 3381 408 3456 6.
449 3371 566 3458 Hinc
597 3400 649 3458 ex
682 3372 781 3455 dato
806 3392 994 3485 tempore
1031 3375 1152 3459 datur
1180 3373 1352 3483 spatium
1384 3374 1547 3461 ascensu
1573 3379 1638 3462 vel
1666 3376 1738 3463 de·

164 3499 307 3592 scensu
333 3496 595 3605 descriptum.
653 3495 759 3582 Nam
786 3497 971 3609 corporis
1001 3500 1044 3585 in
1067 3499 1273 3584 infinitum
1299 3498 1582 3587 descendentis
1616 3498 1737 3592 datur

163 3625 362 3713 velocitas
392 3621 568 3704 maxima
599 3623 620 3728 s
630 3644 705 3731 per
729 3623 858 3706 corol.
885 3651 921 3706 2.
948 3621 992 3708 dc
1025 3653 1059 3726 3.
1099 3621 1231 3710 theor.
1249 3651 1311 3708 vr.
1353 3623 1421 3708 lib.
1444 3627 1527 3732 11.)
1556 3628 1736 3740 indeque

164 3752 284 3838 datur
308 3769 469 3858 ternpus
494 3771 580 3859 quo
611 3772 760 3856 corpus
778 3748 1040 3835 velocitatem
1063 3750 1171 3834 illam
1202 3745 1394 3861 inspatio
1421 3775 1505 3834 non
1532 3747 1736 3837 resrstente

164 3874 356 3962 cadendo
376 3871 505 3984 posset
531 3875 756 3984 acquirere.
811 3869 868 3957 Et
895 3873 1095 3960 sumendo
1118 3871 1315 3959 sessorem
1336 3873 1489 3958 ADT
1512 3878 1577 3960 vel
1603 3878 1737 3960 ADr

164 4002 217 4086 ad
251 3997 494 4108 triangulum
515 3997 677 4082 A‘DC
704 3997 748 4080 in
785 3998 943 4082 ratione
980 3999 1177 4109 temporis
1210 3997 1295 4082 dati
1327 3999 1378 4083 ad
1412 4018 1572 4109 ternpus
1605 4003 1734 4085 modo

163 4125 410 4215 inventurn,
439 4117 601 4204 dabitur
625 4138 713 4202 tum
740 4121 934 4206 velocitas
965 4123 1059 4206 AP
1088 4123 1152 4204 vel
1179 4122 1273 4231 Ap,
1302 4141 1500 4207 rumaren
1522 4125 1739 4210 ABNK

163 4251 229 4334 vel
252 4241 425 4341 ABnk,
451 4267 544 4354 quae
576 4243 633 4327 est
651 4243 702 4328 ad
729 4242 926 4328 sessorem
948 4242 1100 4329 ADT
1118 4245 1184 4328 vel
1208 4245 1341 4325 ADt
1358 4267 1403 4329 ut
1430 4247 1599 4357 spatium
1620 4274 1734 4361 quae·

164 4375 282 4460 srtunr
302 4370 352 4454 ad
381 4369 567 4478 spatium,
594 4369 707 4480 quod
736 4389 924 4479 tempore
946 4369 1058 4465 dato,
1092 4395 1188 4452 cum
1214 4369 1431 4455 velocitate
1464 4373 1528 4456 illa
1559 4377 1734 4463 maxima

163 4499 244 4608 jam
263 4515 354 4579 ante
373 4491 552 4589 inventa,
580 4495 840 4580 uniformiter
859 4493 1032 4578 describi
1057 4493 1199 4604 potest.

222 4620 344 4706 Corol.
370 4645 404 4716 7.
451 4615 506 4700 Et
532 4621 823 4726 regrediendo,
859 4645 913 4702 ex
939 4619 1037 4701 dato
1064 4617 1243 4701 ascensus
1270 4620 1335 4702 vel
1363 4619 1576 4710 descensus
1601 4628 1732 4737 spatio

165 4743 330 4834 ABnk
350 4743 413 4826 vel
432 4743 640 4844 ABNK,
666 4745 828 4829 dabitur
849 4763 1008 4857 tempus
1037 4745 1083 4830 A
1094 4746 1176 4828 Dr
1198 4745 1264 4829 vel
1285 4745 1387 4826 AD
1402 4744 1446 4832 T.

902 4991 938 5078 K
966 4995 995 5080 k
1023 5019 1048 5072 2
1496 4995 1734 5088 PROPO·
