4312 5652
261 427 456 496 DcMoru

260 511 327 572 Con

471 301 568 395 ω,
734 269 1787 375 curiosorutnunrunntu·
1949 243 1953 251 ’

539 443 638 542 dern
662 445 763 572 erit,
802 485 855 548 nc
864 449 916 584 ſs
936 448 1162 547 trahentia
1179 447 1274 576 illa,
1300 456 1481 572 seruato
1496 447 1738 582 gravitatis
1757 445 2035 550 centrocoruss

537 601 675 724 nonni,
714 603 876 704 coirent
902 602 963 708 ἔθ’
985 605 1031 704 r'n
1042 603 1216 740 globum
1229 607 1550 736 formarentur.

519 844 830 950 Demonstratur
851 863 1002 950 eodem
1026 863 1171 963 modo,
1198 884 1320 980 atque
1340 865 1566 980 proposuio
1583 865 1781 980 superlor.

521 986 649 1072 Coros.
677 983 791 1097 Ergo
810 1011 947 1074 motus
975 989 1160 1098 corporis
1179 993 1336 1078 attracii
1367 991 1479 1076 idem
1508 993 1601 1090 erit,
1629 1019 1676 1076 ac
1700 991 1728 1074 sr
1753 1016 1930 1103 corpora
1957 1011 2036 1079 tra·

462 1107 619 1207 inentia,
655 1110 814 1199 servato
851 1114 1062 1198 communi
1102 1113 1307 1221 gravitatis
1337 1137 1497 1210 centro,
1531 1115 1693 1200 coirent
1722 1112 1767 1198 dc
1794 1112 1838 1199 in
1866 1115 2037 1222 globum

460 1234 754 1322 sormarentur.
806 1238 990 1352 Ideoque
1015 1236 1044 1322 fi
1071 1262 1293 1349 corporum
1312 1240 1558 1326 trahentium
1588 1265 1813 1326 commune
1829 1240 2038 1350 gravitatis

469 1382 661 1446 centrum
689 1362 963 1478 resquiescit,
1005 1363 1071 1446 vel
1106 1363 1369 1474 progreditur
1398 1363 1658 1448 uniformiter
1686 1365 1729 1450 in
1764 1364 1869 1449 linea
1899 1361 2035 1468 ιεὼς

468 1512 617 1598 corpus
638 1487 852 1574 atmodum
871 1486 1107 1572 movebitur
1130 1491 1173 1573 in
1188 1487 1328 1602 ellipsr,
1355 1509 1544 1576 centrum
1555 1488 1737 1576 'habente
1757 1488 1799 1574 iu
1826 1486 2037 1574 communi

462 1611 539 1703 illo
561 1614 807 1702 trahentium
834 1635 981 1700 centro
998 1613 1216 1724 gravitatis.

569 1883 1041 1984 ,PR-OPOSITIO
1087 1883 1194 1978 XC.
1287 1885 1701 1983 PROBLEMA
1749 1879 1933 1985 XLIV.

460 2063 523 2170 δι’
550 2067 798 2205 adfinguln
815 2066 980 2167 circuli
996 2069 1289 2203 cujuscunque
1311 2067 1484 2207 puan
1504 2065 1690 2168 tendant
1705 2064 1826 2168 uires
1848 2065 2037 2203 equales

534 2226 807 2366 centripetae,
845 2227 1076 2346 crescentes
1098 2219 1175 2320 oel
1198 2220 1484 2346 decrescentes
1506 2221 1554 2320 in
1579 2257 1843 2357 quacunque
1874 2219 2035 2354 dstan-

537 2379 709 2480 tiurum
736 2378 940 2478 ratione:
975 2375 1308 2502 inventurum,
1349 2413 1441 2512 qua
1465 2374 1761 2516 corpusculum
1793 2376 2036 2476 attrahitur

530 2532 681 2634 ‚ubivis
698 2561 761 2673 po
779 2559 891 2630 num
914 2529 960 2628 r'n
983 2527 1124 2656 recia,
1164 2568 1262 2668 que
1282 2528 1427 2668 'plano
1457 2527 1612 2630 circuli
1632 2527 1710 2629 ud
1724 2557 1931 2632 centrum
1951 2537 2037 2666 ey'us

528 2687 966 2832 perpendiculariter
988 2683 1155 2820 irfisd't.

524 2949 684 3044 Centro
708 2951 756 3033 A
774 2947 989 3036 intervallo
1008 2946 1162 3061 vquovis
1191 2944 1310 3044 AD,
1346 2949 1390 3034 iu
1413 2948 1552 3060 plano,
1585 2947 1655 3032 cui
1684 2941 1792 3032 retia
1822 2946 1923 3032 AP
1943 2973 2038 3059 per.

458 3073 738 3191 pendicularis
754 3073 825 3173 est,
852 3071 1027 3159 describi
1048 3071 1297 3182 intelliganu
1324 3070 1528 3167 circulum
1568 3069 1612 3156 dt
1633 3069 1874 3160 invenienda
1893 3072 1943 3156 fit
1961 3073 2041 3164 vis,

464 3229 551 3319 qua
570 3197 855 3315 corpusculum
886 3198 1063 3314 quodvis
1093 3199 1164 3285 P
1153 3225 1197 3284 m
1219 3195 1400 3287 eundem
1420 3195 1648 3314 attrahitur,
1697 3203 1738 3284 A
1761 3195 1909 3284 circuli
1936 3221 2039 3308 pun.

460 3332 536 3416 cio
554 3329 701 3444 quovis
720 3328 764 3410 E
780 3326 831 3413 ad
849 3328 1135 3451 corpusculum
1156 3321 1371 3413 aurasium

460 3453 513 3538 P
533 3474 674 3560 agatur
702 3449 808 3538 resia
835 3451 941 3538 PE.
975 3437 1043 3539 ln
1062 3449 1172 3535 reela
1198 3447 1292 3534 PA
1305 3476 1369 3534 ca·

462 3580 601 3689 piatur
620 3578 711 3660 PF
723 3575 795 3687 ipst
814 3575 902 3657 PE
925 3577 1101 3690 aequalis,
1126 3575 1170 3658 dc
1190 3576 1369 3684 erigatur

464 3702 660 3785 normalis
680 3699 780 3796 FK,
808 3723 901 3811 quae
927 3698 973 3782 stt
1006 3702 1137 3784 urvis
1164 3724 1244 3811 qua
1265 3722 1367 3808 puu-

461 3822 579 3910 cium
600 3822 643 3904 E
663 3822 786 3908 trahit
802 3819 1088 3932 corpusculum
1114 3821 1168 3905 P.
1225 3819 1368 3935 Sitque

465 3946 576 4036 IKL
596 3974 720 4032 curva
740 3947 843 4032 linea
862 3970 984 4060 quam
1002 3939 1196 4057 pontium
1215 3942 1261 4027 K
1278 3971 1368 4056 per·

463 4095 596 4186 petuo
627 4074 769 4216 tangit.
824 4071 1029 4158 Occurrat
1061 4066 1268 4155 eadem
1233 4095 1366 4154 cucu-

466 4203 494 4286 li
523 4199 679 4316 plano
668 4226 711 4284 m
739 4197 790 4282 L.
858 4195 901 4284 In
935 4197 1026 4282 PA
1053 4198 1234 4309 capiatur
1266 4197 1423 4359 PHP
1420 4238 1425 4245 2

466 4328 628 4436 aequalis
656 4326 699 4408 P
709 4325 774 4422 Ἰ)
812 4320 855 4406 dt
886 4323 1063 4431 erigatur
1093 4291 1423 4468 perpendicu-P

355 4527 363 4534 ,
459 4457 550 4538 'sum
573 4452 655 4534 HI
677 4475 813 4537 curvae
842 4447 1047 4561 praediuae
1079 4477 1298 4535 occurrens
1321 4453 1364 4538 in

460 4579 515 4678 1³
547 4577 590 4662 &
610 4577 689 4661 erit
710 4575 940 4687 corpusculi
958 4574 1002 4657 P
1015 4575 1234 4661 attractio
1222 4603 1266 4660 m
1286 4577 1363 4662 cir·

460 4708 603 4794 culum
631 4723 677 4786 ut
704 4729 795 4786 area
823 4700 957 4786 AHI
962 4698 1002 4781 L
1032 4699 1191 4784 dotia
1181 4727 1222 4785 ιιι
1248 4702 1505 4792 altitudinem
1528 4709 1631 4793 AP.
1690 4707 1745 4826 Q
1765 4707 1817 4792 E
1832 4707 1870 4792 I.

519 4829 687 4914 Etenim
711 4837 749 4910 in
773 4825 867 4909 ΛΕ
884 4824 1066 4967 capiatur
1092 4826 1197 4909 linea
1222 4851 1344 4938 quam
1374 4831 1541 4916 minima
1568 4831 1612 4914 E
1623 4861 1654 4914 e.
1706 4831 1910 4944 Jungatur
1940 4832 2035 4943 Pe,

457 4953 544 5040 ar
535 4983 577 5044 m
601 4953 708 5056 PE,
738 4951 831 5037 PA
855 4950 1064 5064 capiantur
1090 4949 1186 5053 PC,
1217 4952 1304 5058 Pf
1319 4951 1391 5066 ipsr
1412 4953 1485 5040 Pe
1513 4958 1697 5072 aequales.
1753 4953 1810 5044 Et
1838 4957 2036 5072 quoniam

1960 5105 2037 5176 tls,
2141 5141 2142 5146 κ
