4336 5656
474 307 582 412 134
736 279 1279 382 'ruinosotettn
1314 280 1769 388 NATunntts

247 453 358 518 Dm

262 472 445 597 obtingit?
472 517 520 602 lit
549 517 601 604 od
633 516 800 634 seipsam
826 517 870 606 in
893 521 1105 610 altitudine
1134 522 1225 610 CV
1241 544 1287 610 ut
1307 485 1459 677 Kal-b·
1484 523 1537 610 ad
1556 489 1758 682 -C-VJM,
1797 530 1952 620 eadem
1980 535 2073 623 dif-

349 857 352 862 .
467 778 641 864 ferentia
658 776 701 860 in
721 779 834 864 omni
857 779 1070 868 altitudine
1090 781 1131 866 A
1147 781 1298 870 valebit
1324 715 1675 876 ΜΡ.
1742 789 1870 902 Igitur
1891 793 1945 878 ad
1971 795 2070 880 vim

1421 859 1461 940 A
1486 857 1572 940 cub.

477 963 512 1050 F
533 963 567 1050 F

468 1056 675 1178 Πρω
700 1057 850 1144 corpus
878 1035 1036 1122 revolvi
1064 1039 1199 1148 potest
1222 1044 1266 1130 in
1296 1043 1422 1162 ellipsr
1449 1049 1650 1136 immobili
1676 1052 1722 1135 V
1724 1052 1766 1136 P
1777 1049 1834 1148 K,
1872 1049 2065 1140 addatur

469 1281 649 1371 excelsus
680 1218 1019 1436 Β-Ο-ἕ-ᾗὲῌς
1043 1287 1378 1408 &componetur
1402 1277 1461 1390 vis
1481 1321 1568 1390 totu
1589 1235 2062 1456 ἓξὲξ-ἓξὲξ
2136 1455 2137 1458 ¹

469 1501 550 1590 qua
571 1501 719 1590 corpus
743 1477 786 1562 in
813 1475 940 1592 ellipst
967 1475 1109 1567 mobili
1136 1485 1238 1596 upk
1263 1485 1410 1578 iisdem
1437 1495 1689 1606 temporibus
1723 1497 1881 1583 revolvi
1914 1499 2055 1612 poffit.

525 1604 651 1691 Corol.
668 1633 702 1704 3·
730 1604 800 1692 Ad
830 1603 1008 1691 eundem
1031 1605 1204 1698 modum
1235 1616 1451 1730 colligetur
1474 1617 1604 1736 quod,
1638 1623 1669 1710 ss
1697 1625 1808 1713 orbis
1827 1625 2056 1716 immobilis

451 4141 498 4226 V
498 4143 598 4290 PK.
611 4151 752 4269 elliplis
779 4157 825 4248 fit
852 4188 1039 4258 centrum
1061 4173 1211 4263 habens
1234 4179 1276 4265 in
1298 4181 1447 4268 virium
1474 4202 1620 4272 centro
1640 4185 1698 4283 C;
1727 4183 1849 4298 eique
1878 4183 2027 4279 similis,
2138 4269 2139 4338 l

451 4274 613 4410 aequabs
647 4279 691 4363 δι
730 4293 992 4378 concentrica
1029 4321 1204 4408 ponatur
1235 4305 1378 4418 ellipfis
1419 4308 1580 4396 mobilis
1605 4337 1631 4393 rt
1640 4331 1676 4425 p
1699 4311 1749 4410 k;
1785 4311 1917 4425 sitque
1944 4309 2025 4396 2R

449 4394 630 4534 ellipseos
644 4405 768 4542 'hujus
797 4413 897 4500 latus
919 4417 1075 4508 retium
1096 4430 1332 4544 principale,
1360 4432 1403 4517 ἃ
1425 4466 1449 4515 2
1467 4435 1512 4520 T
1533 4439 1633 4522 latus
1661 4438 1928 4522 transversum
1943 4439 2023 4520 stve

447 4543 533 4616 axis
576 4549 717 4633 malou,
767 4557 890 4651 utque
920 4549 1087 4655 angulus
1125 4550 1264 4666 VCp
1299 4555 1457 4672 semper
1486 4561 1534 4647 fit
1568 4563 1619 4648 ad
1655 4566 1848 4673 angulum
1885 4565 1933 4647 V
1935 4564 2027 4648 C‘P

445 4663 492 4728 ut
527 4641 572 4730 G
599 4651 649 4734 ad
680 4651 746 4755 F;
784 4663 904 4764 vires,
938 4671 1084 4784 quibus
1126 4707 1301 4793 corpora
1330 4685 1372 4772 in
1405 4687 1530 4799 ellipsr
1564 4689 1839 4776 immobili&
1879 4689 2024 4776 mobili

1580 4811 1613 4898 F
1630 4813 1711 4900 ΡΑ
1742 4881 1787 4965 ἃ
1814 4811 1950 4904 FFA

444 4839 697 4947 temporibus
725 4851 944 4962 aequalibus
970 4867 1125 4954 revolvi
1155 4869 1328 4982 poliunt,
1362 4897 1482 4964 erunt
1512 4900 1558 4966 ut
1578 4919 1710 5029 'TW
1812 4925 1949 5032 w
1972 4903 2021 4992 l:
