4450 5674
988 263 1505 362 ED'ITORIS

457 447 558 512 tura.
615 419 695 508 His
717 423 781 506 vel
808 421 997 508 miracula
1018 426 1081 509 vel
1107 425 1317 536 qualitates
1345 425 1521 512 occultae
1539 422 1740 520 dicantur,
1765 443 1861 536 quae
1878 417 2044 532 displi-

457 575 574 638 cent:
604 577 746 635 verum
779 551 943 634 nomina
964 551 1159 635 malitiose
1187 551 1316 636 indita
1339 578 1422 636 non
1440 549 1530 634 sunt
1550 549 1640 660 ipsas
1658 549 1778 635 rebus
1799 552 1899 634 vitio
1924 575 2039 632 ver·

457 679 604 775 tenda,
633 676 704 761 nist
730 673 829 758 illud
855 671 972 758 fateri
1001 675 1166 760 tandem
1198 676 1343 773 velint,
1383 681 1526 789 utique
1547 673 1700 758 debere
1720 673 2037 784 philosophiam

457 811 499 890 in
518 803 712 889 atheismo
732 799 905 884 fundari.
961 799 1130 884 Horum
1159 801 1370 886 hominum
1392 803 1518 911 gratia
1537 825 1620 883 non
1639 799 1716 882 erit
1744 798 2038 886 labefafiauda

457 927 723 1044 philosophia,
751 924 950 1036 liquidem
971 951 1106 1009 rerum
1134 924 1244 1008 ordo
1262 953 1344 1012 non
1370 926 1457 1010 vult
1476 926 1692 1010 immutari.
1751 951 1773 1003 a

515 1053 731 1142 Obtinebit
752 1055 876 1160 igitur
896 1052 1002 1162 apud
1028 1053 1179 1162 probos
1201 1051 1243 1133 de
1266 1078 1405 1164 aequos
1419 1049 1909 1163 judicespraellantiffima
1927 1057 2035 1165 phi-

461 1177 699 1294 losophandi
726 1177 852 1275 ratio,
889 1200 982 1287 quae
1009 1174 1202 1260 fundatur
1230 1177 1271 1260 in
1299 1177 1588 1290 experimentis
1606 1177 2032 1267 &observationibus

460 1313 575 1398 Huic
606 1331 719 1402 uero,
746 1303 827 1386 dici
860 1304 929 1384 vix
953 1301 1120 1413 poterit,
1145 1324 1295 1414 quanta
1324 1304 1395 1388 lux
1426 1303 1619 1400 accedat,
1650 1323 1798 1413 quanta
1829 1304 2032 1414 dignitas,

460 1435 510 1518 ab
529 1436 608 1516 hoc
631 1454 756 1538 opere
775 1427 969 1535 praeclaro
987 1425 1230 1510 illustrissimi
1248 1427 1372 1512 nollri
1395 1425 1589 1523 auflorisr
1620 1425 1733 1533 cujus
1747 1429 1938 1515 eximiam
1962 1443 2030 1516 in·

462 1557 571 1667 genii
596 1552 848 1645 felicitatem,
875 1545 1113 1632 difficillima
1127 1573 1302 1664 quaeque
1319 1537 1575 1661 problemata
1587 1549 1814 1650 enodantis,
1843 1549 1886 1636 dc
1907 1556 1954 1641 ad
1972 1585 2028 1644 ea

461 1710 587 1796 porro
610 1677 876 1793 pertingentia
897 1675 947 1759 ad
975 1699 1068 1786 quae
1091 1701 1167 1759 nec
1187 1675 1274 1786 spes
1293 1698 1378 1761 erat
1399 1677 1613 1761 humanam
1642 1699 1822 1762 mentem
1848 1678 2028 1792 assurge-

460 1838 506 1896 re
534 1806 732 1920 potuisse,
771 1803 922 1886 merito
950 1800 1199 1885 admirantur
1229 1800 1272 1883 dc
1290 1801 1508 1910 suspiciunt
1534 1803 1768 1914 quicunque
1785 1807 1905 1914 paulo
1925 1833 2026 1918 pro-

461 1935 625 2022 fundius
657 1934 701 2014 in
726 1926 835 2011 hisce
854 1925 973 2009 rebus
998 1923 1140 2008 versati
1160 1923 1260 2009 sunt.
1315 1923 1505 2008 Claullris
1524 1949 1624 2032 ergo
1640 1926 1835 2026 reseratis,
1862 1930 2023 2020 aditum

461 2061 579 2145 nobis
609 2054 766 2166 aperuit
792 2051 843 2136 ad
868 2047 1138 2160 pulcherrima
1163 2075 1298 2134 rerum
1325 2049 1519 2160 mylleria.
1573 2049 1803 2158 Syllematis
1824 2055 2022 2142 mundani

462 2203 704 2292 compagem
730 2171 1060 2284 elegantissimam
1086 2172 1141 2256 ita
1164 2173 1331 2258 tandem
1358 2171 1616 2284 patefecit&
1639 2173 1817 2283 penitius
1836 2177 2024 2290 perspec-

462 2307 626 2394 tandam
651 2301 792 2396 dedit;
829 2319 876 2384 ut
908 2323 984 2382 nec
1006 2295 1114 2406 ipse,
1143 2295 1298 2384 srnunc
1317 2295 1591 2394 revivisceret,
1618 2321 1691 2382 rex
1709 2297 1934 2409 Alphonstts
1957 2306 2024 2391 vel

461 2429 757 2540 simplicitatem
776 2424 842 2508 vel
862 2417 1083 2505 harmoniae
1096 2423 1265 2529 gratiam
1280 2423 1321 2508 in
1341 2449 1388 2510 ea
1407 2420 1664 2506 desideraret.
1710 2419 1849 2534 ltaque
1868 2447 2024 2512 naturas

461 2549 705 2663 majestatem
730 2544 904 2660 propius
920 2545 1002 2653 jam
1026 2545 1123 2626 licet
1142 2544 1313 2644 intueri,
1347 2544 1391 2628 de
1424 2543 1649 2630 dulcissima
1675 2550 2024 2659 contemplatione

461 2679 556 2774 scm,
583 2675 844 2762 conditorem
871 2696 972 2754 vero
1003 2696 1049 2754 ac
1074 2668 1292 2756 dominum
1324 2671 1606 2756 universorum
1638 2671 1853 2782 impensius
1885 2677 2026 2760 colere

464 2801 507 2884 dc
527 2797 732 2893 venerari,
769 2795 840 2907 qui
872 2793 1025 2878 frufius
1054 2795 1110 2880 est
1129 2794 1393 2907 philosophiae
1413 2796 1545 2880 multo
1577 2793 1817 2880 uberrimus.
1851 2794 2025 2883 Caecum

465 2921 544 3008 else
562 2941 742 3030 oportet,
770 2920 908 3029 quiex
921 2917 1146 3025 optimis&
1168 2917 1460 3027 sapientissimis
1475 2944 1612 3001 rerum
1631 2914 1833 3002 strufluris
1847 2945 1931 3004 non
1951 2921 2027 3007 sta·

463 3050 538 3134 tim
565 3046 700 3130 videat
724 3042 975 3125 fabricatoris
1003 3041 1300 3152 omnipotentis
1322 3042 1521 3126 infinitam
1546 3040 1778 3152 sapientiam
1798 3041 1843 3130 δι
1869 3045 2026 3130 bonita-

465 3195 570 3259 tem:
601 3169 796 3261 infanum,
823 3165 895 3276 qui
917 3165 1100 3276 profiteri
1126 3167 1242 3252 nolit.

519 3291 686 3382 Extabit
707 3291 832 3402 igitur
848 3289 1043 3374 eximium
1064 3289 1265 3374 Netvrortr
1291 3315 1395 3401 opus
1414 3287 1603 3376 adversos
1622 3292 1835 3376 atheorum
1850 3291 2027 3404 impetus

463 3418 774 3509 munitissimum
790 3411 1042 3526 praelidium:
1070 3415 1332 3526 nequeenim
1353 3415 1540 3500 alicunde
1554 3415 1725 3512 felicius,
1741 3439 1864 3526 quam
1877 3441 1931 3500 ex
1950 3415 2024 3499 hac

319 3577 322 3584 ·
464 3546 674 3656 pharetra,
706 3561 851 3624 contra
875 3538 1040 3647 impiam
1066 3559 1272 3623 catervam
1299 3540 1377 3624 tela
1401 3539 1734 3650 deprompseris„
1777 3535 1880 3623 Hoc
1910 3538 2026 3624 senfit

465 3666 645 3777 pridem,
659 3664 700 3743 &
720 3660 762 3743 in
781 3657 1025 3768 pereruditis
1036 3661 1304 3744 concionibus
1317 3662 1475 3771 anglice
1495 3665 1701 3775 latineque
1719 3661 1853 3758 editis,
1875 3661 2028 3771 primus

466 3787 631 3897 egregie
653 3779 944 3868 demonstravit
964 3782 1025 3864 vir
1050 3782 1092 3865 in
1118 3785 1232 3866 omrai
1254 3785 1461 3869 literarum
1487 3810 1644 3895 ‚genere
1659 3787 1874 3895 praeclarus
1896 3785 2029 3870 idem·

466 3937 548 4026 que
568 3912 766 3996 bonarum
783 3905 930 3990 artium
943 3905 1078 3993 fautor
1092 3907 1263 3994 eximius
1276 3907 1579 3998 chrrnrtous
1599 3909 1893 4007 Bsnruurus,
1907 3907 2031 3995 seculi

465 4039 525 4130 sui
537 4035 586 4122 dc
605 4034 824 4122 academiae
846 4035 991 4117 nollrae
1006 4043 1202 4142 ¹magnum
1221 4057 1520 4134 ornamentum,
1547 4036 1710 4145 collegii
1728 4033 1852 4119 nollri
1880 4035 1921 4118 S.
1939 4031 2030 4118 Tri-

468 4166 615 4246 nitatis
637 4157 822 4268 magiller
843 4155 1093 4265 dignissimus
1114 4155 1158 4238 dc
1176 4158 1471 4267 integerrimus.
1528 4155 1645 4243 Huic
1664 4182 1754 4267 ego
1763 4181 1831 4240 me
1851 4157 2032 4266 pluribus

466 4285 701 4374 nominihus
730 4280 966 4366 obllriflutn
987 4279 1105 4365 fateri
1126 4281 1286 4369 debeo:
1321 4282 1420 4367 huic
1439 4280 1481 4367 dc
1502 4303 1590 4368 tuas
1608 4308 1701 4396 quae
1720 4281 1923 4368 debentur
1944 4311 2034 4395 gra·

469 4405 556 4515 tias,
583 4403 710 4490 leflor
732 4402 946 4500 benevole,
969 4431 1053 4492 non
1071 4407 1299 4517 denegabis.
1355 4403 1528 4505 henim,
1547 4431 1679 4492 cuma
1696 4407 2031 4518 longotempore

455 4523 725 4620 ‘chlebernimi
744 4529 917 4614 auctoris
937 4531 1113 4618 amicitia
1133 4534 1274 4620 intima
1291 4532 1510 4631 frueretur,
1547 4541 1643 4645 (qua
1666 4535 1791 4620 etiam
1821 4539 1928 4649 apud
1956 4561 2031 4646 po·

463 4663 590 4748 steros
622 4655 777 4757 censeri
808 4681 892 4741 non
926 4657 1093 4744 minoris
1120 4661 1307 4758 affimat,
1341 4685 1463 4773 quam
1484 4661 1660 4774 propriis
1688 4660 1848 4774 scriptis
1871 4689 1964 4778 quae
1989 4663 2035 4748 li-

468 4803 602 4874 terato
628 4779 730 4869 orbi.
744 4778 787 4866 in
812 4778 973 4870 deliciis
987 4781 1078 4872 sunt
1106 4784 1400 4891 inclaresceretv
1416 4783 1535 4870 amici
1561 4783 1673 4873 simul
1696 4783 1815 4874 famae
1843 4787 1887 4874 dc
1908 4789 2038 4875 scien·

1320 4968 1348 5031 3,
1892 4927 2048 5022 tiaram
