4336 5656
2 540 11 595 t

342 329 357 361 Α,
393 211 799 316 PRINCIPIA
845 208 1446 316 MATHEMATIGA.
1614 249 1706 350 103

257 551 723 654 PROPOSITIO
759 551 937 648 XXIX.
1011 551 1435 652 PROBLEMA
1473 551 1602 648 XXI.

73 859 76 864 ,
128 736 461 874 Trajerlnrr'am
482 737 632 877 specie
663 739 820 838 datam
859 734 1114 863 describere,
1162 777 1261 876 que
1294 775 1325 840 a
1357 733 1487 840 redis
1521 761 1712 874 quatuor

1 962 4 983 ι
200 895 413 1036 pofitinne
434 894 552 996 datis
572 894 620 996 r'er
637 923 794 1033 partes
806 893 1046 1021 secabitur,
1080 894 1247 1025 ordene,
1269 894 1419 1042 specie
1444 894 1505 1002 E&
1520 912 1711 1034 propor-

207 1055 325 1154 tione
346 1053 490 1154 datas.

0 1235 2 1254 Ι
197 1283 478 1372 Describenda
505 1283 554 1370 srt
584 1277 822 1394 trajefloria,
855 1309 949 1401 quae
978 1287 1112 1378 fimilis
1137 1286 1183 1372 fit
1211 1289 1328 1376 lineae
1351 1309 1488 1373 curnae
1506 1280 1598 1366 FG
1613 1279 1714 1383 HI,

1801 419 1894 465 rrrn

1746 479 1768 546 P
1775 501 1911 546 eeeeee
1911 481 1915 490 '

134 1411 190 1498 &
212 1412 324 1522 cujus
342 1433 492 1525 partes,
517 1413 620 1498 illius
641 1412 820 1524 partibus
851 1413 960 1515 FG,
988 1419 1099 1519 GH,
1127 1416 1215 1500 HI
1239 1417 1383 1504 ssmiles
1411 1413 1454 1500 δι
1480 1411 1716 1526 proportio·
1794 1513 1797 1518 ¹
1930 1495 1934 1498 .

135 1540 265 1636 males,
294 1538 415 1623 reffis
433 1537 524 1621 AB
544 1535 587 1622 &
612 1537 731 1637 AD,
759 1540 862 1623 AD
884 1538 931 1626 &
955 1541 1067 1645 BD,
1083 1543 1183 1628 BD
1204 1541 1248 1627 &
1269 1543 1353 1630 GE
1379 1539 1578 1652 posrtione
1597 1532 1716 1631 datis,

134 1663 274 1776 prima
298 1663 452 1777 primis,
491 1661 667 1752 secunda
695 1663 896 1764 secundis,
942 1669 1060 1753 tertia
1095 1669 1224 1756 tertiis
1256 1669 1528 1779 interjaceant.
1600 1659 1717 1744 Auis

130 1790 260 1878 tertis
292 1789 399 1892 FG,
433 1789 549 1894 GH,
584 1789 637 1876 H
647 1793 688 1895 1,
724 1791 770 1876 F
782 1793 821 1895 Ι,
857 1791 1108 1884 describatur
1136 1800 1226 1912 (per
1242 1797 1334 1887 lem.
1354 1798 1518 1903 xxvn.)
1556 1787 1716 1900 Trape·

143 3382 258 3468 zium
278 3383 339 3497 fg
355 3383 410 3468 br·
438 3385 554 3501 qnod
585 3383 632 3471 fit
660 3384 843 3497 trapezio
869 3379 910 3464 F
919 3383 958 3467 G
973 3380 1025 3468 H
1031 3380 1063 3466 I
1083 3379 1223 3477 fimile,
1261 3379 1305 3466 &
1333 3379 1447 3490 cujus
1472 3323 1606 3489 anguli
1616 3379 1717 3496 f‚g,

6 3608 8 3620 y
143 3508 225 3607 h‚i
250 3527 414 3620 tangant
446 3511 572 3596 rectas
601 3510 683 3595 illas
712 3509 913 3622 positione
938 3509 1049 3595 datas
1075 3506 1180 3604 AB,
1215 3507 1340 3604 AD,
1370 3505 1484 3601 BD,
1514 3505 1610 3602 GE,
1640 3507 1715 3595 sm·

1 3633 8 3745 'J
142 3636 229 3748 guli
263 3634 431 3744 smgulas
460 3635 572 3722 disto
604 3635 761 3723 ordine.
815 3635 925 3722 Dein
956 3637 1065 3721 circa
1095 3633 1175 3717 hoc
1212 3632 1436 3745 trapezium
1464 3629 1716 3722 describatur

145 3759 371 3873 trajestoria
397 3787 534 3852 curvae
551 3762 670 3850 lineae
691 3763 735 3847 F
741 3765 780 3848 G
787 3763 868 3846 HI
884 3762 1110 3850 confimilis.

810 3989 1043 4094 scholium

197 4173 391 4261 Construi
429 4176 551 4262 etiam
585 4176 718 4289 potest
752 4175 834 4261 hoc
866 4129 1076 4287 probiema
1104 4193 1151 4261 nt
1179 4175 1371 4288 sequitur.
1424 4117 1577 4284 Junffis
1610 4173 1715 4266 FG,

144 4299 256 4401 cn,
284 4299 382 4400 nr,
411 4300 499 4386 Fr
524 4303 684 4414 produc
718 4301 815 4385 cr
834 4303 885 4386 an
914 4303 965 4400 r,
995 4301 1202 4417 jungeque
1237 4300 1345 4400 nn,
1372 4301 1462 4398 ru,
1492 4300 1534 4384 n
1562 4303 1717 4412 anguns

146 4423 299 4523 ΜΗ,
326 4427 369 4506 V
373 4425 472 4508 FH
490 4425 554 4511 fac
578 4427 744 4537 angulos
765 4425 908 4524 ΒΑΚ,
940 4425 1087 4512 DAL
1106 4428 1289 4542 aequales.
1330 4423 1588 4512 Concurrunt
1608 4428 1656 4511 A
1662 4429 1719 4529 K,

148 4549 241 4630 AL
261 4576 357 4636 cum
377 4553 485 4638 resta
504 4554 603 4636 BD
620 4555 663 4638 in
686 4553 730 4635 K
749 4553 792 4637 &
813 4553 865 4655 L,
893 4549 1051 4640 &inde
1073 4579 1240 4663 agantur
1261 4549 1307 4634 K
1313 4551 1380 4648 M,
1409 4549 1518 4650 LN,
1544 4579 1718 4668 quarum

147 4673 196 4756 K
201 4675 262 4758 M
276 4677 491 4765 constituat
515 4681 709 4790 angulum
737 4683 782 4764 A
791 4682 838 4764 K
854 4682 911 4763 M
932 4685 1129 4792 aeqnalem
1164 4681 1312 4790 angulo
1347 4677 1386 4760 G
1397 4677 1486 4775 HI,
1516 4679 1643 4792 fitque
1662 4679 1715 4766 ad

147 4802 244 4887 ΑΚ
258 4827 304 4886 ut
323 4805 380 4889 est
400 4805 482 4888 HI
495 4805 547 4891 ad
567 4807 666 4890 GH
676 4844 687 4905 3
717 4805 760 4891 &
782 4805 883 4890 LN
903 4809 1118 4895 constituat
1138 4810 1330 4918 angulum
1350 4804 1440 4890 AL
1454 4805 1502 4886 N
1516 4811 1716 4918 aequalem

60 4916 63 4924 ’
148 4931 295 5041 angulo
322 4932 453 5033 FHI,
478 4933 677 5050 fitquead
698 4931 789 5019 AL
811 4956 856 5024 ut
876 4935 960 5020 HI
976 4937 1026 5022 ad
1049 4933 1153 5022 FH.
1207 4935 1421 5020 Ducuntur
1441 4948 1579 5020 autem
1603 4933 1718 5045 AK,

1608 5056 1726 5144 ΚΜ
