4312 5652
437 278 838 386 PRINCt'PIA
884 261 1477 376 MATHEMATICA.
1648 279 1743 379 1‘95

1803 413 1930 474 Lim

248 463 374 608 poris
397 460 584 564 attraiii
600 499 614 560 .·
658 459 751 560 dico
786 452 998 592 quodvis
1031 477 1138 573 tota,
1187 479 1280 581 qua
1313 431 1555 572 hujusmoai
1567 425 1749 568 sphera
1781 491 1950 556 taraus.

255 661 346 724 una
382 616 573 720 attrahit
605 614 764 737 aliam,
797 608 863 737 stt
901 605 1119 744 reciproce
1140 587 1482 741 proportionalis
1525 582 1746 724 quadrato

255 776 476 879 ditlaatiae
495 802 755 874 centrorum.

236 1053 375 1138 Sunto
394 1049 559 1162 sphaerae
586 1063 854 1158 quotcunque
879 1034 1154 1124 conceutricae
1181 1028 1368 1114 similares
1391 1021 1497 1122 AB,
1523 1018 1628 1118 CD,
1648 1013 1751 1115 EF,

174 1179 270 1264 &c
305 1201 479 1293 quarum
506 1171 721 1256 interiores
758 1163 908 1250 addirae
943 1158 1216 1247 exterioribus
1257 1167 1506 1262 componant
1543 1145 1754 1231 materiam

175 1305 418 1393 densiorem
442 1299 577 1385 versus
602 1315 804 1390 centrum,
830 1291 895 1374 vel
920 1286 1128 1372 subdutiae
1161 1283 1390 1395 relinquant
1420 1275 1685 1371 tenuioremr
1714 1271 1758 1354 δι

178 1435 254 1520 hee
274 1432 366 1542 (per
387 1450 504 1542 prop.
522 1430 665 1534 cxxv.)
687 1421 848 1504 trahent
874 1413 1045 1527 sphaeras
1069 1411 1162 1496 alias
1187 1427 1457 1522 quotcunque
1481 1398 1762 1487 concentricas

177 1561 378 1648 fimilates
410 1556 450 1638 G
468 1551 528 1652 H,
555 1551 585 1634 I
595 1549 654 1648 Κ,
683 1545 806 1644 LM,
842 1541 923 1628 &c
957 1542 1120 1651 singulae
1153 1537 1335 1646 fingulas,
1368 1530 1521 1616 viribus
1547 1527 1761 1636 reciproce

177 1677 561 1799 proportionalibus
582 1671 782 1786 quadrato
808 1665 1005 1751 distantiat
1031 1665 1126 1750 SP.
1181 1659 1238 1747 Et
1257 1652 1551 1768 componendo
1572 1651 1638 1736 vel
1657 1647 1762 1734 divi·

178 1809 346 1906 dendo,
372 1804 527 1890 summa
550 1801 698 1887 virium
729 1795 887 1880 illarum
912 1792 1113 1890 omnium,
1140 1789 1208 1875 vel
1234 1780 1413 1871 excelsus
1445 1781 1670 1893 aliquarum
1697 1772 1761 1858 su·

181 1962 264 2048 pra
286 1933 408 2029 aliam
435 1930 516 2014 hoc
541 1925 612 2025 eil,
639 1922 713 2021 vis,
740 1947 820 2035 qua
838 1919 992 2032 lphaera
1016 1937 1118 2016 tota,
1145 1938 1198 2001 ex
1220 1907 1494 1999 couceutricis
1514 1900 1761 2019 quibuscun-

180 2086 272 2175 que
291 2061 358 2146 vei
370 2054 723 2142 coueeutrlcarum
742 2046 821 2134 dif-

184 2188 375 2274 ferentiis
388 2181 612 2294 composita
627 2177 821 2273 AB,tra·
960 2211 965 2222 ·

185 2315 253 2399 hit
294 2329 424 2396 totam
459 2333 514 2392 ex
545 2299 821 2390 coueentricis

183 2435 501 2555 quibuscunque
538 2430 605 2515 vel
640 2455 820 2514 concen-

185 2565 387 2650 tricarum
423 2553 665 2645 differentiis
706 2576 822 2640 com-

187 2690 365 2806 posttam
378 2685 499 2784 GH,
526 2685 604 2770 etit
622 2683 666 2767 in
678 2681 825 2766 eadem

189 2821 365 2907 ratione.
439 2813 653 2922 Augeatur
680 2831 824 2894 nume·

189 2969 262 3031 rus
280 2945 526 3056 sphaerarum
545 2935 827 3025 concentrica·

191 3096 288 3156 rum
314 3069 357 3155 in
377 3065 583 3154 infinitum
597 3062 665 3163 fic,
681 3083 727 3148 ut
745 3088 828 3148 ma·
1065 3062 1094 3124 B

194 3197 311 3285 tetiae
336 3195 507 3282 densitas
532 3219 612 3278 una
641 3216 737 3276 cum
761 3191 803 3274 vi
824 3195 1054 3291 attraiiiva,
1078 3190 1123 3274 in
1149 3184 1359 3304 progreiiu
1380 3212 1403 3268 a
1434 3179 1767 3270 circumferentia

196 3327 251 3412 ad
283 3345 486 3418 centrum,
512 3313 739 3403 secundum
767 3317 903 3426 legem
929 3341 1219 3434 quamcunque
1252 3312 1406 3424 crescat
1435 3309 1500 3395 vei
1522 3307 1766 3394 decrescatt

199 3449 257 3551 δε,
283 3448 423 3534 addita
450 3441 619 3528 materia
646 3457 730 3523 non
755 3439 985 3541 attraillva,
1029 3442 1284 3554 compleatur
1316 3435 1448 3522 ubivis
1472 3431 1645 3518 densitas
1669 3431 1771 3519 defi·

198 3579 324 3674 ciens,
362 3597 416 3658 eo
445 3589 491 3654 ut
513 3567 678 3679 sphaerae
706 3565 917 3677 acquirant
948 3569 1123 3654 formam
1153 3562 1337 3682 quamvis
1371 3579 1581 3674 optatam,
1620 3557 1772 3658 ‹lc-vis,

196 3728 278 3815 qua
305 3703 446 3785 harum
472 3719 550 3778 una
578 3689 752 3774 attrahet
777 3691 957 3790 alteram,
997 3697 1076 3779 erit
1105 3694 1343 3785 etiamnum,
1379 3711 1452 3797 per
1484 3705 1771 3795 argumentum

198 3829 393 3940 superius,
423 3825 467 3909 in
488 3819 633 3906 eadem
653 3816 718 3901 illa
742 3815 939 3902 distantiae
959 3821 1166 3933 quadratae
1193 3818 1351 3903 ratione
1370 3811 1534 3898 inversa.
1563 3811 1617 3930 Q
1638 3812 1691 3896 E.
1705 3811 1770 3896 D.

258 3953 383 4034 Corol.
407 3977 438 4032 t.
476 3945 592 4030 Hinc
619 3943 648 4028 st
674 3943 874 4052 ejusmodi
906 3946 1071 4057 sphaer'ae
1108 3943 1354 4054 complures,
1388 3938 1460 4022 fibi
1486 3939 1664 4023 invicem
1697 3964 1771 4048 per

201 4078 341 4164 omnia
359 4074 516 4169 ssmiles,
543 4068 584 4155 se
603 4089 749 4153 mutuo
766 4071 957 4166 trahant;
986 4068 1244 4157 attratliooes
1271 4065 1574 4150 acceleratrices
1602 4063 1773 4173 singula·

201 4229 294 4288 rum
326 4200 368 4283 in
397 4196 565 4304 fingulas
587 4212 720 4290 erunt,
752 4195 797 4278 in
818 4196 1037 4309 aequalibus
1069 4181 1273 4308 quibusvis
1299 4206 1535 4277 centtorutu
1563 4183 1773 4290 distantiis,

204 4351 249 4418 ut
271 4328 436 4439 sphaerae
465 4323 724 4407 attrahentes.

260 4453 384 4538 Corol.
407 4481 444 4534 2.
485 4449 613 4560 loque
634 4447 829 4533 distantiis
853 4445 1058 4561 quibusvis
1084 4447 1363 4561 inaequalibus,
1388 4464 1437 4530 ut
1462 4438 1630 4556 [phaerae
1656 4454 1777 4530 attra-

206 4579 347 4664 hentes
374 4576 583 4688 applicatae
607 4573 658 4657 ad
686 4574 881 4686 quadrata
905 4573 1180 4658 distantiarum
1205 4574 1311 4657 inter
1329 4589 1481 4656 centra.v

266 4701 391 4785 Corol.
416 4729 449 4800 3·
487 4697 764 4784 Attrahiones
788 4725 888 4782 vero
915 4701 1123 4796 motrices,
1157 4696 1225 4780 seu
1251 4695 1435 4806 pondera
1463 4689 1707 4812 sphaerarum
1733 4691 1776 4777 itt

207 4825 379 4940 sphaeras
406 4843 540 4926 eruut,
567 4823 851 4937 inaequalibus
878 4839 1117 5033 captiosum
1148 4819 1355 4921 distantiis,
1388 4839 1437 4906 ut
1464 4815 1778 5020 sphaeraehattra-

988 4975 1011 5034 c
1040 4977 1064 5029 2
1661 4945 1777 5024 ente's
