4338 5656
398 213 1449 320 unrncrurnntarnunrnrrcn.
1631 243 1725 344 509

147 383 389 500 vapores&
415 385 705 484 exhalationes,
740 382 956 498 omnisque
985 383 1154 468 materia
1180 384 1352 470 volatilis
1378 384 1514 470 llatior
1537 385 1721 470 consumi
1754 373 1954 519 ffi’r'ffi·

147 539 197 596 ac
220 511 396 624 dissipari
422 509 663 597 debuissent.

202 637 379 725 Cometa
408 639 534 746 igitur
562 637 603 722 in
626 635 823 746 perihelio
847 631 919 718 suo
939 633 1118 718 calorem
1138 635 1384 722 immensum
1413 633 1463 720 ad
1485 635 1608 720 solem
1629 663 1726 723 con·-

147 763 276 872 ceplt,
305 760 350 847 de
375 763 554 847 calorem
580 761 693 844 illum
721 756 943 842 diutissime
969 757 1210 842 conservare
1241 761 1390 869 potell.
1448 759 1553 843 Nam
1581 760 1726 870 globus

147 883 248 972 ferri
277 886 488 972 candentis
519 885 696 995 digitum
733 911 861 968 unum
893 885 1010 978 latus,
1046 884 1225 969 calorem
1258 890 1374 968 suurn
1402 910 1568 968 omnem
1598 885 1725 995 spatio

148 1013 266 1096 lrorae
289 1015 406 1098 unius
439 1013 483 1098 in
509 1019 603 1097 ae're
628 1007 844 1096 consistens
870 1010 940 1094 vix
965 1009 1184 1094 amitteret.
1242 1009 1405 1098 Globus
1431 1031 1568 1094 autem
1596 989 1724 1118 major

146 1139 327 1224 calorem
348 1137 500 1224 diutius
520 1137 776 1222 conservaret
806 1136 846 1221 in
866 1135 1024 1219 ratione
1046 1132 1251 1232 diametri,
1282 1152 1500 1246 propterea
1528 1135 1641 1247 quod
1662 1134 1724 1218 su·

148 1262 338 1372 perficies
366 1261 435 1369 (ad
460 1260 573 1370 cujus
592 1262 819 1348 mensuram
844 1285 917 1371 per
938 1259 1173 1344 conradum
1194 1261 1299 1345 aeris
1319 1258 1532 1344 ambientis
1554 1259 1723 1368 refrige-

146 1397 287 1500 ratur)
310 1387 351 1472 in
382 1386 445 1470 illa
474 1387 632 1472 ratione
658 1388 792 1472 minor
814 1385 870 1468 ell
899 1409 975 1496 pro
1003 1385 1229 1496 quantitate
1257 1385 1440 1470 mareriae
1470 1382 1559 1466 suae
1578 1382 1721 1467 calidae

147 1511 325 1596 inclusae.
381 1507 564 1624 Ideoque
590 1513 735 1623 globus
760 1509 858 1594 serri
883 1509 1095 1594 candentis
1122 1510 1217 1594 huic
1241 1529 1361 1593 terrae
1382 1508 1559 1620 aequalis,
1585 1507 1629 1592 id
1650 1507 1722 1607 ell,

145 1635 277 1747 pedes
305 1634 393 1746 plus
416 1633 548 1718 minus
572 1662 792 1740 40000000
815 1634 932 1730 latus,
969 1634 1114 1718 diebus
1138 1632 1331 1729 totidem,
1359 1631 1409 1716 oz·
1424 1633 1584 1717 idcirco
1610 1632 1721 1716 annis

148 1785 301 1861 5oooo,
331 1757 400 1840 vix
424 1755 720 1864 refrigesceret.
774 1755 964 1867 Suspicor
992 1776 1129 1840 tamen
1157 1757 1272 1870 quod
1294 1755 1458 1840 duratio
1480 1755 1639 1850 caloris,
1667 1751 1733 1837 ob·

146 1879 284 1964 causas
311 1879 495 1978 latentes,
523 1902 718 1990 augeatur
745 1880 788 1964 in
814 1881 975 1964 minore
1004 1881 1161 1964 ratione
1185 1905 1308 1992 quam
1344 1905 1390 1964 ea
1416 1878 1637 1962 diametri:
1677 1875 1721 1961 dc

145 2003 325 2115 optarim
345 2003 544 2088 rationem
564 2028 700 2088 veram
720 2027 790 2113 per
810 2002 1090 2113 experimenta
1108 2002 1350 2114 investigari.

203 2125 336 2212 Porro
359 2127 586 2212 notandum
606 2127 796 2241 estquod
816 2148 979 2210 cometa
1001 2127 1136 2212 mense
1157 2127 1393 2223 Decembri,
1421 2126 1500 2210 ubi·
1516 2127 1567 2211 ad
1594 2127 1730 2212 solem

146 2249 287 2336 modo·
300 2249 534 2343 incaluerat,
554 2245 726 2330 caudam
746 2246 961 2330 emittebat
985 2249 1108 2354 longe
1128 2245 1324 2355 majorem
1340 2249 1383 2332 dt
1399 2247 1731 2360 splendidiorem·

146 2398 273 2489 quarn
293 2391 411 2456 antea
438 2367 575 2454 mense
596 2366 831 2467 Novembri,
859 2369 930 2452 ubi
956 2369 1197 2480 perihelium
1227 2372 1414 2458 nondum
1437 2373 1638 2482 attigerat.
1664 2371 1721 2458 Et

146 2495 424 2582 universaliter
450 2493 593 2578 caudae
616 2518 759 2578 omnes
785 2494 976 2578 maximae
999 2493 1043 2577 ἃ
1065 2495 1367 2604 fulgentissimo
1389 2525 1413 2582 e
1439 2497 1613 2582 cometis
1640 2498 1722 2581 ori·

147 2641 274 2705 untur
303 2617 433 2704 llatim
472 2617 560 2728 poll
589 2614 799 2700 transitum
824 2642 968 2700 eorum
1001 2643 1074 2728 per
1102 2619 1313 2726 regionem
1347 2618 1449 2705 solis.
1506 2617 1722 2703 Conducir

146 2745 275 2853 igitur
296 2733 506 2824 calesailio
524 2758 699 2824 cornetae
715 2739 768 2823 ad
789 2738 1114 2848 magnitudinem
1132 2739 1285 2825 caudae.
1336 2736 1392 2825 Et
1410 2737 1507 2825 inde
1527 2741 1722 2851 colligere

147 2867 295 2953 videor
326 2861 448 2976 quod·
467 2857 598 2950 cauda
635 2861 735 2946 nihil
762 2861 873 2946 aliud
903 2862 949 2947 sat
978 2889 1101 2977 quam
1133 2889 1261 2974 vapor
1297 2867 1421 2972 longe
1455 2863 1733 2959 tenuissimus·

146 3013 274 3105 quem
293 3005 415 3095 caput
434 2982 506 3067 seu
522 2984 691 3066 nucleus
710 3003 887 3066 cometae
907 3007 981 3090 per
1004 2987 1185 3068 calorem
1210 2985 1326 3068 suurn
1351 2985 1515 3069 emittit.
1776 3057 1779 3065 ,

206 3111 416 3195 Caeterum
440 3105 495 3190 de
518 3123 774 3189 cometarum
805 3102 945 3188 caudis
971 3106 1121 3218 triplex
1145 3107 1202 3192 ell
1229 3107 1399 3218 opinio;
1427 3133 1494 3192 eas
1522 3110 1588 3192 vel
1602 3109 1724 3218 jubar

148 3233 229 3320 elle
257 3233 349 3318 solis
374 3255 448 3342 per
479 3226 724 3314 translucida
755 3247 1011 3314 cometarum
1043 3232 1176 3343 capita
1203 3253 1487 3343 propagatum,
1522 3234 1588 3320 vel
1621 3233 1731 3320 oriri:

147 3385 204 3443 ex
229 3353 472 3440 refraslione
502 3350 603 3436 lucis
629 3350 671 3434 in
697 3345 907 3462 progressu
929 3352 1047 3463 ipsius
1069 3381 1091 3437 a
1120 3355 1254 3468 capite
1280 3377 1457 3440 cometae
1481 3357 1525 3441 in
1555 3376 1732 3456 terram,.

148 3481 216 3566 vel
234 3476 414 3588 denique
432 3471 584 3560 nubem
603 3469 682 3557 elle
701 3472 770 3559 seu
786 3498 981 3585 vaporem
1002 3504 1024 3560 a
1043 3477 1178 3588 capite
1195 3499 1372 3562 cometae
1385 3479 1538 3588 jugiter
1556 3481 1719 3592 surgen·

148 3623 236 3688 tem
257 3598 299 3682 δι
319 3598 539 3682 abeuntem
566 3595 608 3679 in
632 3615 767 3706 partes
790 3622 813 3681 a
834 3596 917 3682 sole
937 3598 1102 3685 aversas.
1155 3599 1313 3711 Opinio
1341 3600 1470 3712 prima
1489 3627 1636 3687 eorum
1659 3603 1725 3688 ell.

148 3725 222 3839 qui
243 3719 429 3809 nondum
448 3716 598 3802 imbuti
617 3717 707 3803 sunt
726 3715 892 3806 scientia
916 3745 1054 3806 rerum
1077 3723 1332 3835 opticarum.
1365 3721 1471 3806 Nam
1489 3723 1606 3833 jubar
1626 3724 1719 3809 solis

147 3852 193 3939 in
218 3847 408 3932 cubiculo
439 3841 657 3930 tenebroso
685 3869 770 3928 non
797 3846 1006 3950 cernitur,.
1029 3847 1100 3932 nist
1120 3870 1319 3962 quatenus
1340 3849 1412 3933 lux
1438 3847 1663 3934 relleslirur
1691 3875 1720 3936 e

149 3971 365 4085 pulverum
399 3965 684 4074 &fumorum
714 3968 921 4078 particulis
955 3995 1028 4080 per
1067 3979 1204 4057 adrem
1241 3972 1399 4082 semper
1427 3971 1688 4058 volitantibus
1703 4000 1728 4056 :4
1819 3963 1821 3968 ’

150 4095 332 4205 ideoque
353 4091 396 4174 in
415 4097 506 4174 aiire
533 4088 654 4172 sumis
678 4089 934 4174 crassioribus
956 4091 1108 4176 insesso
1130 4093 1377 4204 splendidius
1396 4092 1467 4190 ell,
1494 4091 1544 4176 dc.
1558 4093 1731 4178 sensum.

150 4217 298 4304 fortius
319 4211 443 4308 setim
470 4210 512 4295 in
531 4217 623 4294 adre
641 4212 813 4296 clariore
841 4212 1002 4298 tenuius
1023 4215 1079 4298 est
1101 4213 1143 4298 δι
1168 4218 1312 4326 aegtius
1337 4216 1544 4302 sentiturz.
1561 4215 1604 4301 in
1627 4211 1724 4299 coo.-

151 4344 198 4428 lis
216 4358 353 4426 autem
376 4335 458 4422 fine
479 4334 646 4420 materia
667 4332 905 4422 refleslente
924 4339 1081 4424 nullum
1098 4337 1177 4424 esse
1203 4341 1348 4452 potest.
1403 4339 1502 4424 Lux
1523 4365 1609 4426 non
1626 4367 1722 4425 cer-r

149 4467 260 4556 nitur
280 4484 479 4580 quatenus
499 4463 541 4551 in
563 4460 705 4570 jubare
727 4462 799 4558 ell,
828 4463 898 4548 sed
915 4485 1114 4577 quatenus
1140 4467 1236 4550 inde
1256 4461 1479 4548 relleslitur
1498 4465 1728 4550 adoonlos.

152 4591 322 4680 nostros.
375 4589 483 4676 Nam
502 4588 602 4674 visto
625 4615 710 4676 non
731 4587 777 4674 frt
801 4588 874 4674 nifi
893 4617 967 4703 per
990 4591 1125 4700 radios
1149 4591 1285 4705 quiin
1310 4589 1454 4676 oculos
1468 4590 1715 4700 impingunt

151 4709 397 4828 Requiritur
426 4713 551 4825 igitur
585 4713 762 4802 materia·
785 4715 918 4828 aliqua
949 4713 1165 4802 relleslens
1194 4713 1241 4802 in
1263 4715 1439 4827 regione.
1462 4710 1639 4914 eandml.
1658 4734 1712 4794 no

1554 4855 1623 4917 coe
1641 4856 1724 4918 um
