4450 5674
398 231 405 250 ·
468 211 869 312 tumetum
917 137 1512 314 unruemnrtcn.
1709 241 1773 336 29

275 399 448 539 firr'pta
471 395 904 522 Aalbmendoli,
943 393 1004 500 ἔθ’
1029 383 1547 523 curoilmeaAabch,
1574 400 1768 517 suntra·
1810 399 1973 542 {32:22

286 543 418 641 tiones
435 533 721 670 aqualitatr's.

269 759 375 843 Nam
403 755 544 862 figurae
569 751 770 860 inscriptae
797 747 840 833 dt
867 751 1181 866 circumscriptae
1204 751 1431 840 differentia
1460 753 1515 838 ell
1539 752 1690 840 summa
1709 777 1776 865 pa·

211 885 627 990 rallelogmmmorum
647 879 693 960 K
707 880 736 973 l,
757 875 858 972 Lm,
876 877 932 958 M
943 905 984 974 n,
1002 879 1097 977 Do,
1123 881 1202 964 hoc
1219 883 1275 964 cll
1302 881 1383 986 (ob
1402 880 1573 992 aequales
1591 881 1776 965 omnium

212 1007 351 1112 bases)
381 1004 657 1110 teolongulum
688 1003 761 1084 sub
789 1001 905 1085 unius
937 999 1017 1086 bafi
1043 1002 1089 1085 K
1096 1003 1191 1086 b&
1217 1007 1475 1090 altitudinum
1504 1005 1657 1090 summu
1684 1005 1778 1102 Aa,

212 1134 259 1218 id
278 1133 348 1229 ell,
374 1124 648 1236 rectangutum
670 1128 715 1206 A
724 1125 835 1208 Bla.
890 1125 970 1210 Sed
999 1128 1078 1211 hoc
1104 1129 1392 1239 reliangulum,
1426 1155 1478 1212 eo
1505 1129 1621 1240 quod
1645 1127 1778 1212 latitu-

214 1259 274 1343 do
307 1256 388 1366 ejus
420 1253 515 1337 AB
540 1253 583 1337 in
613 1252 815 1336 inlinitum
848 1252 1057 1350 minuitur,
1092 1254 1139 1337 fit
1164 1256 1295 1340 minus
1324 1253 1469 1367 quovis
1498 1255 1607 1338 dato.
1661 1249 1777 1362 Ergo

214 1385 309 1492 (per
331 1381 476 1463 lemma
500 1379 538 1483 1)
566 1373 694 1484 figura
725 1373 912 1484 inscripto
942 1373 986 1456 &
1014 1377 1317 1490 circumscripto
1352 1377 1395 1460 &
1427 1378 1556 1461 multo
1587 1376 1712 1486 magis
1732 1373 1777 1462 fi-

215 1535 316 1620 gura
342 1503 561 1591 curvilinea
593 1500 831 1587 intermedia
856 1499 957 1584 fiunt
986 1503 1131 1591 ultimo
1151 1507 1335 1621 aequales.
1389 1501 1512 1620 ΞΕ.
1531 1501 1596 1588 Ἰ).

737 1745 1112 1842 LEMMA
1182 1751 1258 1843 111.

214 1923 397 2028 Eadem
429 1916 616 2018 rationes
646 1914 810 2016 ultima
835 1919 944 2038 sunt
978 1917 1112 2016 etiam
1146 1920 1337 2020 rationes
1368 1914 1650 2056 aequalitatis,
1702 1913 1776 2014 ub'

280 2089 799 2232 parallelogrammorum
832 2084 1082 2186 latitudines
1105 2097 1213 2214 AB,
1250 2096 1358 2212 BC,
1397 2095 1516 2213 CD,
1555 2099 1642 2186 dcc.
1668 2085 1778 2205 suut

287 2261 539 2403 inaequales,
577 2259 638 2365 &l
655 2295 796 2359 omues
817 2258 1072 2360 minuuntur
1095 2262 1143 2362 iu
1165 2261 1403 2396 infinitum.

272 2515 332 2602 Sit
351 2510 463 2598 enim
477 2507 523 2588 A
534 2504 575 2586 F
589 2503 756 2618 aequrlis
781 2503 984 2590 latitudini
1010 2506 1211 2604 maxime,
1239 2506 1282 2592 δι
1303 2507 1556 2618 compleatur
1577 2503 1785 2618 parallelo·

216 2663 448 2752 grammum
484 2630 576 2714 FA
592 2659 618 2713 a
629 2635 672 2740 f.
734 2627 834 2714 Hoc
867 2631 944 2714 erit
975 2632 1099 2741 majus
1136 2657 1258 2747 quum
1287 2627 1517 2718 differentia
1547 2631 1690 2736 ligurae
1722 2629 1783 2712 in·

216 2767 380 2877 scriptae
399 2759 440 2843 ἃ
463 2759 605 2864 ligurae
633 2755 976 2866 circumscriptae;
1004 2777 1044 2840 at
1067 2757 1280 2842 latitudine
1300 2757 1368 2842 sua
1392 2753 1490 2838 AF
1510 2753 1553 2840 in
1577 2750 1786 2840 infinitum

217 2889 437 2982 diminuta,
462 2878 595 2966 minus
612 2877 683 2962 fiet
701 2879 801 2964 dato
818 2881 963 2993 quovis
982 2879 1227 2990 redangulo.
1284 2883 1341 2998 Q
1357 2879 1411 2964 Ε.
1429 2880 1491 2963 D.

276 3013 400 3100 Corol.
434 3035 467 3091 1.
505 3003 621 3089 Hinc
641 3001 793 3090 summa
811 3004 951 3090 ultima
966 3006 1431 3118 parallelogrammorum
1459 2999 1787 3090 evanescentium

216 3137 419 3225 coincidit
438 3130 550 3219 omni
567 3155 619 3214 ex
636 3149 751 3243 parte
777 3156 875 3217 cunt
895 3131 1023 3241 figura
1041 3133 1274 3221 curvilinea.

277 3265 402 3348 Corol.
428 3288 466 3342 2.
500 3253 557 3340 Et
578 3257 710 3340 multo
738 3258 863 3363 magis
897 3255 1024 3364 ligura
1052 3257 1270 3354 rectilinea,
1308 3282 1404 3372 quae
1428 3256 1594 3343 chordis
1620 3252 1785 3340 evanes·
1965 3257 1971 3268 “

218 3386 403 3472 centium
421 3404 589 3466 arcuum
610 3378 688 3474 ab,
713 3376 784 3476 bc,
811 3379 882 3476 cd,
909 3377 990 3464 dcc.
1019 3383 1397 3493 comprehenditur,
1420 3380 1618 3466 coincidit
1636 3379 1787 3468 ultimo

219 3537 323 3600 cum.
336 3510 464 3621 ligura
482 3507 712 3593 eurvilinea.

276 3637 399 3726 Corol.
414 3661 448 3752 3'·
490 3629 549 3716 Ut
568 3629 612 3714 dt
631 3629 759 3740 ligura
777 3624 981 3717 redilinea
1001 3633 1306 3751 circumscripta
1331 3659 1424 3750 quae
1444 3631 1698 3746 tangentibus
1716 3657 1785 3721 eo·

220 3763 398 3851 rundetn
420 3783 588 3844 arcuum
613 3755 988 3870 comprehenditur.

280 3889 405 3974 Corol.
426 3915 462 3991 4.
491 3881 547 3968 Et
564 3902 781 3995 propterea
797 3883 860 3966 hae
879 3882 1019 3992 figurae
1042 3884 1197 3970 ultimae
1217 3885 1372 4003 (quoad
1384 3882 1627 3995 perimetros
1649 3881 1787 3992 acE,)

221 4041 308 4106 non
334 4012 424 4100 lunt
445 4011 677 4109 restilineae,
706 4007 777 4094 led
796 4006 1092 4097 redilinearum
1127 4013 1276 4100 limites
1300 4010 1524 4099 curvilinei.

726 4227 842 4322 LE
879 4226 935 4318 M
971 4229 1027 4321 M
1061 4233 1106 4323 A
1177 4229 1264 4331 IV.

223 4397 275 4502 Si
296 4394 529 4500 induatur
547 4391 709 4531 figuris
736 4403 781 4494 A
798 4403 920 4520 acE,
958 4405 996 4496 Ρ
1010 4433 1039 4533 p
1053 4400 1152 4524 rT,
1189 4395 1480 4522 inscribantur
1519 4395 1597 4534 (ut
1607 4399 1787 4536 stupra)

294 4551 390 4652 dua
414 4547 937 4694 parallelogrammorum
958 4550 1112 4675 series,
1135 4547 1287 4687 fitque
1311 4550 1427 4653 idem
1452 4547 1681 4651 amborum
1701 4589 1789 4650 mr·

295 4742 453 4831 merus,
477 4703 539 4812 &⁹
556 4701 630 4803 ubi
650 4700 899 4802 latitudines
923 4701 970 4802 r'n
987 4701 1214 4836 infinitum
1235 4703 1555 4830 diminuuntur,
1594 4701 1786 4802 rationes

294 4859 460 4961 ultima
497 4855 1019 4996 parallelogrammorum
1052 4858 1099 4960 in
1133 4899 1223 4964 uua
1246 4855 1407 4996 figura
1445 4859 1512 4962 ad
1540 4853 1789 4996 parallelo·

1577 5047 1792 5150 gramma
