4352 5646
490 247 890 345 PvaNClPlA
937 243 1534 354 MATHEMATICA.
1702 287 1798 386 395

259 495 1844 804 ΡΒΟΡΟΞΙΤΙΟΝΕΒ.Τ
1988 515 2023 572 ”’

426 1225 896 1329 PROPOSITIO
942 1229 976 1320 1.
1069 1222 1508 1320 THEOREMA
1556 1226 1589 1318 Ι,

226 1401 372 1530 Wres,
409 1411 563 1544 quibus
590 1411 783 1548 planete
818 1401 1160 1537 circumjovinles
1183 1433 1397 1545 perpetuo
1440 1403 1727 1503 retrahuntur
1760 1435 1790 1499 u

299 1561 477 1658 motibus
515 1561 749 1662 rebbilineis
782 1557 843 1664 &³
875 1559 922 1658 in
958 1554 1123 1654 orbibus
1143 1560 1237 1679 suis
1270 1559 1531 1682 retinentur,
1577 1558 1788 1695 respicere

294 1741 490 1812 centrum
512 1717 648 1849 jovis,
683 1713 743 1818 ἔθ’
771 1714 854 1845 effe
881 1711 1100 1846 reciproce
1130 1740 1183 1809 nt
1222 1714 1446 1848 quadrato
1476 1711 1787 1842 distantiarum

290 1868 478 1967 locorum
503 1870 559 1967 ab
583 1867 731 1967 eodem
749 1895 913 1968 centro.

321 2105 419 2184 Atet
454 2128 544 2211 pars
577 2102 689 2211 prior
722 2098 1009 2212 proposrtionis
1050 2124 1124 2209 per
1163 2101 1465 2211 phaenomenon
1494 2101 1688 2211 primum,
1743 2095 1787 2179 δι

278 2263 280 2274 ν
345 2223 664 2334 propositionem
697 2223 915 2306 secundam
947 2223 1013 2304 vel
1046 2221 1207 2304 tertiam
1239 2223 1331 2306 libri
1367 2224 1511 2333 primi:
1542 2221 1585 2303 δι
1606 2248 1694 2332 pars
1714 2244 1790 2330 po·

221 2349 364 2432 llerior
397 2372 469 2457 per
500 2347 801 2455 phaenomenon
833 2341 1096 2454 primum&
1131 2346 1398 2430 ⁴corollarium
1427 2345 1582 2429 sextum
1608 2341 1788 2456 propost-

222 2473 343 2558 tionis
362 2488 519 2581 quartae
542 2468 721 2574 ejusdem
750 2467 853 2553 libri.

275 2596 389 2680 ldem
416 2594 596 2699 intellige
617 2593 671 2678 de
699 2593 867 2707 planetis
890 2594 963 2706 qui
984 2594 1190 2680 saturnum
1219 2589 1482 2692 comitantur,
1516 2619 1590 2707 per
1623 2593 1787 2704 phaeno·

222 2745 377 2806 menon
397 2714 634 2800 secundum.

405 2945 870 3043 PROPOSITIO
916 2952 970 3046 ll.
1056 2946 1491 3044 THEOREMA
1540 2951 1595 3046 ll.

217 3130 363 3256 Vires,
388 3123 542 3264 quibus
559 3121 752 3262 planete
770 3124 990 3265 primarii
1006 3159 1220 3268 perpetuo
1239 3129 1526 3228 retrahuntur
1551 3165 1581 3224 u
1603 3131 1784 3228 motibus

287 3280 538 3400 rebbilineis,
565 3277 625 3380 &³
652 3281 700 3376 in
724 3281 890 3378 orbibus
903 3283 995 3401 finis
1023 3283 1283 3403 retinentur,
1317 3279 1531 3416 respicere
1541 3281 1697 3408 solem,
1723 3281 1784 3386 ἐφ’
1960 3377 1964 3388 ,

290 3439 374 3570 effe
398 3433 615 3564 reciproce
637 3459 685 3529 ut
710 3432 938 3567 quadrato
960 3431 1269 3564 distantiarum
1294 3433 1350 3534 ab
1375 3435 1391 3529 i
1408 3433 1504 3564 stus
1528 3461 1687 3535 centro.

271 3673 391 3756 Patet
411 3693 502 3779 pars
524 3673 639 3782 prior
657 3664 946 3780 propositionis
965 3690 1038 3776 per
1065 3665 1369 3776 phaenomeoon
1395 3667 1597 3779 quintum,
1627 3666 1672 3750 &
1689 3695 1782 3781 pro.

216 3797 460 3908 positionem
482 3793 702 3881 secundam
734 3791 825 3875 libri
849 3791 989 3902 pri-mi:
1021 3789 1181 3901 &pars
1212 3791 1411 3902 posterior
1444 3819 1518 3905 per
1548 3793 1784 3904 phaenome.
1934 3803 1938 3810 ’

215 3947 300 4006 non
331 3939 536 4030 quartum,
577 3919 620 4003 &
654 3916 975 4030 propositionem
1007 3935 1192 4026 quartam
1226 3915 1407 4024 ejusdem
1439 3918 1544 4003 libri.
1602 3923 1783 4010 Accura·

216 4039 365 4125 tillime
398 4064 533 4122 autem
558 4040 858 4124 demonstratur
890 4039 978 4120 haec
1006 4063 1096 4148 pars
1125 4039 1412 4151 propositionis
1442 4067 1514 4154 per
1540 4044 1722 4154 quietem
1742 4075 1783 4132 a·

213 4162 457 4275 pheliorum.
514 4162 620 4247 Nam
647 4162 850 4248 aberratio
879 4185 1003 4272 quam
1031 4161 1199 4246 minima
1225 4165 1426 4250 aratione
1460 4167 1663 4278 duplicata
1690 4175 1782 4282 (per

215 4287 345 4371 corol.
366 4316 397 4368 1.
436 4311 552 4398 prop.
570 4314 665 4372 xlv.
708 4288 774 4372 lib.
805 4295 858 4396 t.)
899 4305 1058 4371 motum
1087 4287 1269 4401 apsidum
1301 4291 1343 4373 in
1373 4289 1532 4401 singulis
1558 4295 1782 4385 revolutio-

216 4411 333 4496 nibus
362 4414 601 4513 notabilem,
626 4415 670 4502 in
698 4411 879 4528 pluribus
910 4437 1122 4500 enormem
1145 4412 1313 4500 efficere
1341 4413 1524 4506 deberet.
