4312 5652
497 223 590 322 16o
763 223 1306 324 l’HlLOSOPHIAE
1352 217 1817 322 NATURALlS

280 402 467 544 ἓῑΜοῖῦ
496 399 630 486 tendo
657 423 774 514 prop.
807 427 901 486 xor.
938 423 1035 482 cum
1060 399 1188 484 corol.
1221 397 1292 482 suo
1321 405 1379 509 2.)
1419 397 1524 482 ratio
1562 395 1864 482 determinandi
1900 417 2106 482 curvam

307 501 461 548 ⁰¹·¹’⁰¹⁰“
496 529 601 612 Aa
607 545 642 640 p
672 529 790 613 sacre
819 546 996 638 apparat.
1051 523 1166 610 Tum
1195 553 1249 612 ex
1274 524 1434 634 fingatis
1456 523 1612 632 veruga
1639 524 1797 637 puros
1822 523 1882 621 a,
1910 521 2100 630 erigen.
2131 503 2132 596 l

489 653 553 738 alo
588 655 640 740 ad
671 659 835 768 planum
867 657 915 740 A
926 653 1020 736 O‘P
1048 652 1338 764 perpendicula
1372 650 1468 736 PT
1498 651 1723 761 superficiei
1755 673 1897 734 curvae
1929 675 2100 734 occur·

492 781 624 870 tentia
640 783 684 870 iu
702 779 749 884 T,
777 779 984 870 dabuntur
1007 779 1158 892 fingola
1177 779 1418 892 trajeooriae
1436 780 1585 892 punsta
1609 777 1654 863 T.
1710 775 1765 898 Q
1787 777 1840 862 E.
1857 775 1897 858 Ι.

1009 1143 1106 1238 SE
1143 1146 1185 1239 C
1222 1141 1273 1240 T
1310 1143 1330 1236 l
1367 1143 1414 1234 O
1486 1143 1567 1236 ΧΙ.

568 1327 648 1430 De
664 1351 783 1426 mota
800 1353 1027 1462 corporum
1052 1323 1218 1424 viribus
1242 1320 1491 1461 centripetr's
1501 1327 1555 1446 se
1573 1347 1718 1420 mutuo
1735 1318 2016 1454 petentium.

555 1565 766 1654 Hasleous
792 1565 960 1678 exposui
991 1584 1127 1652 motus
1153 1587 1377 1673 corporum
1402 1563 1668 1648 attrastorum
1689 1561 1740 1646 ad
1775 1579 1976 1646 centrum
2009 1562 2076 1647 im·

500 1693 667 1790 mobile,
695 1693 813 1805 quale
833 1713 968 1776 tamen
998 1691 1066 1776 vix
1085 1709 1196 1776 extat
1223 1689 1265 1772 in
1284 1714 1422 1772 rerum
1447 1709 1601 1771 natura.
1656 1685 1941 1770 Attrasiiones
1969 1688 2071 1772 enirn

497 1817 589 1908 fieri
621 1815 749 1903 solent
784 1815 836 1900 ad
867 1839 1069 1926 corpora,
1113 1813 1155 1896 or
1195 1838 1419 1925 corporum
1449 1810 1697 1896 trahentium
1730 1809 1774 1894 &
1805 1805 2068 1896 attraflomrn

497 1945 678 2030 aeliotes
704 1940 862 2050 semper
890 1960 1043 2022 mutuae
1072 1939 1159 2022 sunt
1189 1935 1231 2020 &
1263 1941 1450 2051 equales,
1484 1964 1557 2049 per
1582 1937 1716 2046 legem
1743 1934 1942 2024 tertiam:
1974 1937 2067 2021 adeo

500 2086 548 2150 ut
587 2089 722 2177 neque
751 2065 953 2148 attrahens
986 2059 1106 2176 poffit
1143 2061 1351 2174 quiescere
1384 2063 1519 2175 ne'que
1556 2057 1783 2154 aurasium,
1821 2059 1849 2142 sr
1881 2059 1977 2144 duo
2002 2063 2065 2147 fint

498 2215 689 2300 corpora,
730 2186 799 2273 sed
826 2189 949 2274 ambo
976 2191 1069 2299 (per
1100 2187 1236 2296 legum
1266 2185 1529 2270 coronarium
1557 2187 1768 2298 quartum)
1795 2181 1908 2298 quast
1925 2207 2061 2274 attrac-

498 2315 612 2400 tione
644 2307 799 2410 mutua,
841 2313 1000 2398 circum
1035 2311 1246 2422 gravitatis
1291 2331 1483 2394 centrum
1521 2333 1744 2394 commune
1779 2310 2059 2412 revolvantur:

496 2439 544 2525 ἃ
564 2443 591 2524 fi
612 2441 724 2552 plura
743 2439 820 2523 fint
853 2464 1039 2551 corpora,
1067 2463 1161 2549 quae
1189 2437 1256 2521 vel
1283 2435 1333 2520 ab
1358 2437 1482 2522 unico
1507 2439 1772 2532 attrahantur,
1801 2437 1845 2520 &
1871 2437 1990 2522 idem
2014 2460 2059 2523 at·

497 2565 672 2662 trahant,
698 2563 763 2647 vel
792 2562 929 2647 omnia
947 2564 987 2647 se
1004 2582 1149 2646 mutuo
1169 2563 1399 2660 attrahant;
1428 2564 1516 2647 haec
1545 2567 1599 2648 ita
1626 2563 1734 2648 inter
1760 2562 1800 2647 se
1822 2563 1983 2648 moveri
2002 2564 2058 2648 dc·

498 2691 636 2789 beant,
663 2704 709 2774 ut
728 2685 935 2798 gravitatis
949 2704 1139 2772 centrum
1164 2709 1387 2771 commune
1409 2687 1474 2770 vel
1497 2685 1690 2802 quiescat,
1718 2686 1783 2769 vel
1811 2685 2057 2772 uniformiter

497 2833 713 2906 moveatur
739 2821 781 2899 in
809 2807 1022 2898 diresium.
1077 2811 1171 2926 Qua
1197 2811 1250 2896 de
1270 2811 1386 2897 causa
1411 2811 1493 2922 jam
1518 2837 1648 2924 pergo
1678 2832 1842 2896 motum
1862 2839 2058 2926 exponere

496 2963 723 3050 corporum
750 2937 790 3020 se
809 2956 955 3022 mutuo
972 2937 1233 3036 trahentium,
1261 2935 1562 3023 confiderando
1585 2939 1692 3024 vires
1712 2939 1959 3050 centripetas
1986 2961 2055 3026 tan·

495 3091 624 3182 quam
646 3058 919 3160 attrafliones,
945 3063 1127 3176 quamvis
1149 3062 1323 3162 sortasse,
1352 3064 1561 3178 siphysice
1590 3067 1817 3180 loquamur,
1845 3068 1980 3152 verius
2008 3069 2057 3154 di·

449 3181 452 3190 ’
499 3209 643 3278 cantur
670 3184 872 3302 impulsus.
926 3185 971 3274 ln
1003 3188 1300 3274 mathematicis
1324 3191 1434 3276 enim
1456 3190 1540 3298 jam
1568 3193 1798 3288 versamus
1834 3185 1879 3271 or
1894 3215 2056 3302 propre·

495 3345 579 3422 rea,
613 3315 736 3406 millis
772 3311 1108 3425 disputationibus
1137 3314 1323 3426 physicis,
1357 3315 1540 3404 familiari
1565 3321 1720 3404 utimur
1748 3317 1949 3418 sermone,
1981 3343 2055 3432 quo

495 3445 689 3564 poffirnus
707 3471 731 3532 a
746 3441 963 3530 lectoribus
983 3441 1280 3531 mathematicis
1295 3441 1450 3529 facilius
1463 3445 1648 3558 intelligi.

591 3775 1087 3874 'PROPOSITIO
1124 3776 1274 3879 LVII.
1348 3775 1789 3878 THEOREMA
1833 3787 1941 3880 XX.

495 3967 695 4106 Corpora
719 3959 801 4060 dua
823 3965 876 4082 se
909 3959 1100 4062 invicem
1132 3961 1359 4064 trahentia
1382 3961 1639 4093 describunt,
1677 3967 1738 4074 Εἴ
1762 3968 1925 4067 circum
1949 4006 2047 4067 com·

511 4143 517 4158 ’
561 4155 695 4222 mune
722 4143 918 4218 centrum
942 4117 1198 4250 grauitatis,
1241 4115 1302 4222 ἔθ’
1338 4119 1575 4245 circumse
1607 4149 1770 4248 mutuo,
1798 4117 1975 4256 figuras
1989 4121 2049 4254 st·

396 4263 400 4272 ⁵
562 4271 701 4372 miles.

546 4518 652 4605 Sunt
676 4517 786 4606 eninr
810 4514 1009 4601 disiantiae
1033 4540 1258 4630 corporum
1284 4521 1537 4606 acommuni
1559 4523 1765 4631 gravitatis
1786 4543 1932 4610 centro
1955 4525 2048 4609 reci-

490 4675 619 4763 proce
637 4645 963 4760 proportionales
985 4645 1254 4756 corporibus;
1283 4667 1407 4760 atque
1434 4649 1532 4733 ideo
1560 4651 1602 4733 in
1629 4649 1723 4736 data
1750 4653 1909 4738 ratione
1930 4653 1979 4736 ad
1998 4655 2047 4738 in·
2125 4707 2126 4744 r

487 4778 637 4873 vicem,
674 4773 716 4859 δι
745 4769 1109 4888 componendam
1146 4772 1239 4855 data
1271 4777 1431 4858 ratione
1456 4776 1506 4860 ad
1539 4775 1767 4864 distantiam
1800 4801 1929 4864 totam
1950 4779 2046 4864 inter

482 4933 674 5023 corpora.
743 4897 947 4988 Feruntur
982 4917 1122 4986 autern
1160 4900 1224 4985 hae
1257 4899 1455 4992 distantiae
1490 4903 1650 4990 circum
1687 4906 1912 4990 terminum
1944 4905 2045 4988 suurn

1796 5053 2046 5115 communem
