4352 5646
443 209 1487 316 PRlNClPIAMATHEMaTlCA.
1640 241 1739 332 417

346 463 809 562 uuoeostmo
856 465 963 556 xx.
1049 460 1453 586 ruossuemn
1500 455 1585 555 tv.

154 613 390 718 'Invenire
423 616 483 716 ὅθ’
525 611 640 710 inter
662 617 715 730 ſss·
748 639 1007 745 comparare
1036 607 1235 743 pondero
1279 637 1503 742 corporum
1538 606 1585 704 in
1616 631 1744 703 terre

653 749 778 880 hujus
809 745 1048 880 regionibus
1075 743 1265 876 diversts.
1355 784 1363 796 ·

238 914 447 1028 Quoniam
479 913 661 1022 pondera
689 912 960 1024 inaequalium·
977 935 1142 993 crurum
1176 908 1320 991 canalis
1348 932 1488 1020 aqueae
1514 907 1745 1021 ACQqca

186 1039 352 1152 aequalia
380 1037 497 1130 sunta
540 1035 582 1117 ὅτ
611 1035 793 1145 pondera
824 1035 1013 1145 partium,
1050 1034 1234 1118 cruribus
1261 1033 1357 1118 totis
1385 1033 1748 1142 proportionalium

186 1163 429 1246 &similiter
457 1161 499 1244 in
529 1160 626 1242 totis
654 1158 827 1254 suarum,
856 1160 944 1243 sunt
976 1159 1027 1243 ad
1055 1160 1232 1242 invicem
1262 1181 1309 1242 ut
1338 1158 1520 1267 pondera
1549 1178 1748 1251 totorum,

189 1285 368 1397 ideoque
397 1283 520 1366 etiarn
556 1303 765 1394 aquantur
797 1284 902 1367 inter
931 1283 1001 1380 se;
1030 1303 1150 1367 erunt
1187 1282 1368 1395 pondera
1397 1281 1612 1394 aequalium
1639 1279 1681 1361 ὅτ
1704 1279 1748 1362 in

188 1411 371 1494 cruribus
389 1405 566 1489 similiter
586 1406 746 1490 sitarum
765 1408 939 1516 partium
965 1409 1177 1519 reciproce
1197 1428 1242 1490 ut
1261 1433 1394 1504 cruta,
1420 1407 1462 1490 id
1483 1405 1555 1502 cll,
1572 1407 1750 1515 recipro-

190 1561 238 1619 ce
258 1553 304 1618 ut
331 1559 411 1629 230
437 1527 488 1612 ad
517 1558 607 1636 229.
662 1527 718 1613 Et
753 1556 823 1639 par
853 1531 910 1614 est
941 1534 1045 1615 ratio
1076 1533 1429 1644 homogeneorum
1459 1529 1502 1614 ἃ
1534 1531 1750 1643 aequalium

1798 385 1925 444 Laura

1768 466 1959 526 Teucrus.

188 1656 427 1770 quorumvis
451 1650 492 1734 ἃ
514 1653 556 1736 in
579 1655 723 1737 canalis
751 1654 934 1738 cruribus
961 1655 1138 1740 srmiliter
1166 1657 1332 1741 ficorum
1359 1680 1593 1765 corporum.
1657 1651 1753 1735 Ho-
1831 1675 1833 1680 ’

190 1806 280 1864 rum
301 1775 483 1888 pondera
503 1777 592 1858 sunt
611 1775 824 1883 reciproce
849 1798 894 1858 ut
913 1803 1044 1875 crura,
1071 1777 1115 1861 id
1143 1775 1213 1872 est,
1241 1778 1454 1886 reciproce
1480 1797 1525 1860 ut
1557 1774 1754 1860 distantiae

188 1924 412 2011 corporum
431 1925 452 1979 a
472 1917 617 1980 centro
637 1919 768 1980 terrae.
825 1895 1005 1982 Proinde
1026 1898 1055 1981 ss
1078 1923 1253 2007 corpora
1278 1901 1320 1982 in
1338 1897 1533 2009 supremis
1555 1899 1751 1984 canalium

191 2023 383 2136 partibus,
410 2018 490 2103 five
517 2019 559 2103 in
585 2019 794 2130 superficie
828 2036 947 2104 terrae
971 2021 1211 2120 consrllant3
1250 2043 1368 2109 erunt
1397 2022 1581 2134 pondera
1607 2044 1753 2107 eorum

191 2147 243 2230 ad
263 2146 438 2228 invicem
456 2145 669 2251 reciproce
687 2163 732 2224 ut
752 2140 947 2226 distantiae
968 2171 1111 2230 eorum
1133 2173 1155 2228 a
1175 2169 1333 2231 centro.
1390 2143 1444 2229 Et
1471 2149 1620 2232 eodem
1640 2171 1756 2254 argu·

195 2286 338 2352 mento
360 2261 557 2373 pondera,
583 2263 625 2346 in
650 2263 733 2343 aliis
756 2263 1064 2376 quibuscunque
1091 2293 1164 2376 per
1197 2287 1327 2352 totam
1352 2288 1472 2352 terrae
1502 2270 1758 2380 superficiem

193 2387 442 2499 regionibus,
470 2384 559 2468 sunt
579 2385 792 2494 reciproce
820 2406 864 2467 ut
892 2386 1085 2472 distantiae
1111 2393 1297 2474 locorum
1325 2419 1346 2474 a
1372 2413 1546 2490 centro;
1576 2393 1619 2477 δι
1637 2416 1758 2504 prop·

194 2533 319 2608 terea,
348 2535 401 2594 ex
425 2507 633 2619 hypothes
656 2509 769 2620 quod
790 2529 896 2594 terra
913 2511 1104 2622 sphaerois
1127 2513 1185 2612 su,
1213 2517 1360 2599 dantur
1385 2520 1667 2628 proportione.

249 2634 373 2720 Unde
391 2635 469 2717 tale
491 2632 618 2715 confit
637 2633 861 2728 theorema,
888 2635 1002 2746 quod
1018 2639 1317 2720 incrementum
1335 2639 1528 2748 ponderis
1549 2639 1762 2750 pergendo

194 2761 248 2844 ab
271 2776 477 2869 aequatore
505 2754 556 2837 ad
582 2755 712 2863 polos,
745 2753 789 2837 fit
816 2781 938 2866 quarn
964 2760 1152 2868 proxime
1177 2779 1222 2844 ut
1254 2758 1356 2844 sanus
1376 2762 1511 2846 versus
1538 2761 1761 2847 latitudinis

199 2882 430 2991 duplicatae,
462 2878 525 2960 vel
552 2877 665 2988 quod
694 2877 864 2987 perinde
892 2879 963 2978 ell,
991 2901 1036 2966 ut
1062 2882 1305 2994 quadratum
1329 2881 1430 2968 finus
1455 2885 1555 2970 redi
1582 2885 1759 2974 latitudi-

198 3005 271 3090 nis.
330 2997 384 3084 Et
404 3001 446 3084 in
472 2999 615 3084 eadem
635 3001 799 3084 circiter
818 3004 975 3088 ratione
998 3026 1196 3112 augentur
1222 3031 1336 3088 arcus
1366 3008 1567 3112 graduum
1586 3009 1764 3094 latitudi-

200 3131 261 3216 nis
290 3129 332 3211 in
358 3123 595 3208 meridiano.
665 3121 846 3235 ideoque
878 3152 973 3209 cum
1011 3129 1182 3212 latitudo
1223 3125 1403 3210 Lutetiae
1435 3129 1684 3234 Paristorum
1717 3134 1764 3218 s1t

200 3253 252 3359 48
266 3275 307 3333 er.
337 3247 417 3352 50‘,
443 3273 491 3330 ea
515 3249 702 3331 locorum
721 3247 793 3328 sub
815 3270 1019 3364 aequatore
1042 3279 1095 3331 00
1109 3273 1150 3334 er.
1178 3249 1262 3349 oo',
1283 3249 1326 3332 ἂ
1345 3277 1392 3335 ea
1411 3254 1598 3338 locorum
1620 3257 1670 3340 ad
1689 3284 1763 3369 po·

201 3385 261 3465 los
279 3400 330 3479 90
345 3392 386 3450 er.
419 3367 463 3450 δι
492 3369 711 3478 duplorum
736 3367 838 3451 finus
867 3371 969 3454 versr
995 3371 1069 3456 lint
1100 3400 1237 3478 11334,
1264 3400 1403 3455 00000
1426 3375 1468 3458 dc
1497 3401 1646 3476 20000‚
1679 3380 1764 3465 exi·

201 3495 330 3579 slente
350 3489 466 3574 radio
496 3517 641 3588 10000,
670 3490 714 3574 δι
732 3492 903 3600 gravitas
921 3492 970 3576 ad
993 3497 1132 3604 polum
1148 3494 1193 3578 stt
1214 3498 1265 3581 ad
1285 3499 1524 3604 gravitatem
1544 3499 1614 3585 sub
1634 3528 1766 3616 aequa·

163 3693 171 3706 .
202 3638 293 3702 tote
318 3634 364 3700 ut
383 3641 462 3712 230
480 3611 530 3696 ad
561 3641 650 3719 229,
681 3610 725 3694 de
751 3613 930 3697 excessus
958 3617 1163 3725 gravitatis
1194 3619 1245 3702 ad
1274 3621 1414 3730 polum
1443 3623 1494 3706 ad
1525 3626 1765 3732 gravitatem

203 3740 274 3824 sub
295 3757 503 3854 aequatore
520 3757 566 3819 ut
592 3765 609 3816 1
630 3735 682 3819 ad
702 3763 803 3844 229:
833 3738 912 3823 etit
931 3738 1111 3826 excessus
1133 3744 1337 3850 gravitatis
1357 3745 1397 3828 in
1417 3746 1629 3832 latitudine
1645 3749 1770 3834 Lute-

206 3866 274 3944 tiae
299 3862 350 3944 ad
379 3859 617 3970 gravitatem
644 3856 716 3940 sub
744 3880 966 3970 aequatore,
993 3885 1038 3947 ut
1068 3873 1259 3953 1)(ὲὲἕὲ
1293 3865 1343 3948 ad
1369 3897 1461 3975 229,
1488 3871 1556 3954 seu
1591 3879 1692 3974 5667
1716 3874 1769 3956 ad

206 4011 404 4090 2290000.
460 3979 515 4064 Et
539 3998 756 4090 propterea
771 3986 984 4092 gravitates
1000 4009 1098 4096 totae
1120 3989 1160 4072 in
1181 3989 1240 4072 his
1260 3989 1360 4074 locis
1375 4013 1494 4074 erunt
1519 3994 1570 4078 ad
1593 3997 1769 4082 invicem

206 4127 252 4192 ut
286 4111 469 4212 2295667
493 4104 544 4186 ad
572 4131 771 4207 2290000.
829 4109 968 4216 Quare
997 4137 1091 4194 cum
1120 4115 1392 4222 longitudines
1418 4119 1689 4227 pendulorum
1718 4148 1772 4204 ae·

206 4230 390 4345 qualibus
420 4225 671 4336 temporibus
694 4226 960 4312 oscillantium
990 4231 1063 4316 fint
1093 4255 1138 4317 ut
1160 4237 1389 4343 gravitates,
1424 4239 1465 4320 de
1489 4240 1532 4323 in
1559 4242 1772 4332 latitudine

207 4357 387 4441 Lutetiae
405 4351 654 4458 Parifiorum
680 4351 897 4459 longitudo
923 4357 1088 4466 penduli
1122 4359 1280 4470 sangulis
1309 4365 1473 4447 minutis
1497 4365 1680 4453 secundis
1711 4371 1772 4455 os·

211 4482 379 4564 cillantis
404 4477 451 4562 srt
472 4479 625 4588 pedum
648 4477 768 4561 trium
790 4477 1063 4566 Parisrensrum
1088 4483 1346 4570 &linearum
1379 4488 1440 4585 8—1,
1469 4493 1532 4574 vel
1558 4496 1691 4602 potius
1717 4497 1772 4578 ob

211 4601 370 4710 pondus
389 4599 488 4682 aeris
509 4601 580 4692 la:
611 4599 827 4709 longitudo
846 4603 1011 4710 penduli
1031 4604 1101 4688 sub
1115 4627 1321 4719 aequatore
1342 4607 1592 4720 superabitur
1607 4643 1625 4694 a
1642 4617 1772 4721 longi-

212 4721 354 4804 tudine
376 4721 589 4829 synchroni
610 4723 775 4831 penduli
805 4721 1042 4822 Paristensrs,
1071 4729 1231 4814 excellis
1260 4733 1376 4814 lineae
1404 4737 1521 4820 unius
1549 4735 1589 4817 ἃ
1616 4738 1663 4838 87
1688 4764 1774 4846 par·

209 4846 315 4930 tium
337 4841 632 4934 millessmarutn
651 4847 780 4931 lineae.
814 4841 869 4930 Et
881 4849 1003 4956 ⁴simili
1021 4875 1220 4966 computo
1244 4856 1370 4940 confit
1393 4847 1523 4942 tabula
1540 4857 1721 4970 sequens.

939 4971 986 5056 H
1005 4974 1031 5056 h
1050 4977 1078 5059 h
1581 4983 1778 5072 Latitudo
