<?xml version="1.0" encoding="UTF-8"?>
<!DOCTYPE html PUBLIC "-//W3C//DTD XHTML 1.0 Transitional//EN"
    "http://www.w3.org/TR/xhtml1/DTD/xhtml1-transitional.dtd">
<html xmlns="http://www.w3.org/1999/xhtml" xml:lang="en" lang="en">
 <head>
  <title>
</title>
<meta http-equiv="Content-Type" content="text/html;charset=utf-8" />
  <meta name='ocr-system' content='tesseract 3.04.00' />
  <meta name='ocr-capabilities' content='ocr_page ocr_carea ocr_par ocr_line ocrx_word'/>
</head>
<body>
  <div class='ocr_page' id='page_1' title='image "./philosophinatur00cotegoog_0401.png"; bbox 0 0 4344 5648; ppageno 0'>
   <div class='ocr_carea' id='block_1_1' title="bbox 439 301 1785 442">
    <p class='ocr_par' dir='ltr' id='par_1_1' title="bbox 439 259 2151 442">
     <span class='ocr_line' id='line_1_1' title="bbox 439 301 1785 442; baseline 0.001 -37"><span class='ocrx_word' id='word_1_1' title='bbox 439 341 536 442; x_wconf 80' lang='lat'>342</span> <span class='ocrx_word' id='word_1_2' title='bbox 755 303 1282 404; x_wconf 77' lang='lat' dir='ltr'>PittLosoPHtAE</span> <span class='ocrx_word' id='word_1_3' title='bbox 1329 301 1785 426; x_wconf 76' lang='lat' dir='ltr'>Nnuuniuts</span> 
     </span>
    </p>
   </div>
   <div class='ocr_carea' id='block_1_2' title="bbox 230 413 2151 1082">
    <p class='ocr_par' dir='ltr' id='par_1_2' title="bbox 235 413 2151 616">
     <span class='ocr_line' id='line_1_2' title="bbox 235 413 2151 616; baseline -0.003 -51"><span class='ocrx_word' id='word_1_4' title='bbox 235 483 404 547; x_wconf 69' lang='lat' dir='ltr'><strong>D=⁰³M</strong></span> <span class='ocrx_word' id='word_1_5' title='bbox 386 495 538 616; x_wconf 43' lang='lat' dir='ltr'>:lunius</span> <span class='ocrx_word' id='word_1_6' title='bbox 571 477 624 564; x_wconf 86' lang='lat' dir='ltr'>de</span> <span class='ocrx_word' id='word_1_7' title='bbox 658 475 796 562; x_wconf 89' lang='lat' dir='ltr'>fluidis</span> <span class='ocrx_word' id='word_1_8' title='bbox 828 473 1011 572; x_wconf 89' lang='lat' dir='ltr'>elassicis,</span> <span class='ocrx_word' id='word_1_9' title='bbox 1038 470 1108 558; x_wconf 92' lang='lat' dir='ltr'>sed</span> <span class='ocrx_word' id='word_1_10' title='bbox 1135 471 1189 558; x_wconf 87' lang='lat' dir='ltr'>de</span> <span class='ocrx_word' id='word_1_11' title='bbox 1219 498 1304 558; x_wconf 92' lang='lat' dir='ltr'>non</span> <span class='ocrx_word' id='word_1_12' title='bbox 1325 471 1521 566; x_wconf 82' lang='lat' dir='ltr'>elasticisi</span> <span class='ocrx_word' id='word_1_13' title='bbox 1558 495 1641 556; x_wconf 91' lang='lat' dir='ltr'>non</span> <span class='ocrx_word' id='word_1_14' title='bbox 1670 467 1724 554; x_wconf 92' lang='lat' dir='ltr'>de</span> <span class='ocrx_word' id='word_1_15' title='bbox 1750 466 2014 564; x_wconf 86' lang='lat' dir='ltr'>insidentibus</span> <span class='ocrx_word' id='word_1_16' title='bbox 2150 413 2151 504; x_wconf 49' lang='lat' dir='ltr'><em>i</em></span> 
     </span>
    </p>

    <p class='ocr_par' dir='ltr' id='par_1_3' title="bbox 230 570 2151 1082">
     <span class='ocr_line' id='line_1_3' title="bbox 230 570 2016 704; baseline -0.001 -19"><span class='ocrx_word' id='word_1_17' title='bbox 230 570 255 627; x_wconf 57' lang='lat'>⁶</span> <span class='ocrx_word' id='word_1_18' title='bbox 259 580 384 630; x_wconf 65' lang='lat'>⁰⁰⁰⁰⁰⁰</span> <span class='ocrx_word' id='word_1_19' title='bbox 390 577 594 696; x_wconf 66' lang='lat' dir='ltr'>”fluida</span> <span class='ocrx_word' id='word_1_20' title='bbox 623 599 693 685; x_wconf 90' lang='lat' dir='ltr'>sed</span> <span class='ocrx_word' id='word_1_21' title='bbox 712 599 766 682; x_wconf 92' lang='lat' dir='ltr'>de</span> <span class='ocrx_word' id='word_1_22' title='bbox 785 598 864 681; x_wconf 90' lang='lat' dir='ltr'>alte</span> <span class='ocrx_word' id='word_1_23' title='bbox 891 595 1098 682; x_wconf 89' lang='lat' dir='ltr'>immersis.</span> <span class='ocrx_word' id='word_1_24' title='bbox 1153 590 1209 678; x_wconf 89' lang='lat' dir='ltr'>Et</span> <span class='ocrx_word' id='word_1_25' title='bbox 1234 593 1306 680; x_wconf 94' lang='lat' dir='ltr'>ubi</span> <span class='ocrx_word' id='word_1_26' title='bbox 1327 593 1546 680; x_wconf 86' lang='lat' dir='ltr'>resistentia</span> <span class='ocrx_word' id='word_1_27' title='bbox 1568 619 1791 704; x_wconf 88' lang='lat' dir='ltr'>corporum</span> <span class='ocrx_word' id='word_1_28' title='bbox 1813 593 1855 678; x_wconf 94' lang='lat' dir='ltr'>in</span> <span class='ocrx_word' id='word_1_29' title='bbox 1878 594 2016 684; x_wconf 89' lang='lat' dir='ltr'>fluidis</span> 
     </span>
     <span class='ocr_line' id='line_1_4' title="bbox 446 714 2015 830; baseline 0.001 -24"><span class='ocrx_word' id='word_1_30' title='bbox 446 748 529 806; x_wconf 87' lang='lat' dir='ltr'>non</span> <span class='ocrx_word' id='word_1_31' title='bbox 565 720 731 806; x_wconf 84' lang='lat' dir='ltr'>elallicis</span> <span class='ocrx_word' id='word_1_32' title='bbox 767 718 1000 828; x_wconf 88' lang='lat' dir='ltr'>innotescit,</span> <span class='ocrx_word' id='word_1_33' title='bbox 1036 714 1224 827; x_wconf 81' lang='lat' dir='ltr'>augenda</span> <span class='ocrx_word' id='word_1_34' title='bbox 1250 718 1329 802; x_wconf 90' lang='lat' dir='ltr'>erit</span> <span class='ocrx_word' id='word_1_35' title='bbox 1358 717 1447 802; x_wconf 83' lang='lat' dir='ltr'>haec</span> <span class='ocrx_word' id='word_1_36' title='bbox 1481 717 1697 802; x_wconf 84' lang='lat' dir='ltr'>resistentia</span> <span class='ocrx_word' id='word_1_37' title='bbox 1721 717 2015 830; x_wconf 90' lang='lat' dir='ltr'>aliquantulum</span> 
     </span>
     <span class='ocr_line' id='line_1_5' title="bbox 448 815 2151 956; baseline 0.001 -26"><span class='ocrx_word' id='word_1_38' title='bbox 448 846 592 931; x_wconf 89' lang='lat' dir='ltr'>tamin</span> <span class='ocrx_word' id='word_1_39' title='bbox 620 845 758 932; x_wconf 86' lang='lat' dir='ltr'>fluidis</span> <span class='ocrx_word' id='word_1_40' title='bbox 785 815 966 942; x_wconf 83' lang='lat' dir='ltr'>elasticis‚</span> <span class='ocrx_word' id='word_1_41' title='bbox 993 843 1119 956; x_wconf 89' lang='lat' dir='ltr'>qualis</span> <span class='ocrx_word' id='word_1_42' title='bbox 1139 839 1197 926; x_wconf 90' lang='lat' dir='ltr'>est</span> <span class='ocrx_word' id='word_1_43' title='bbox 1220 866 1304 939; x_wconf 89' lang='lat' dir='ltr'>aet,</span> <span class='ocrx_word' id='word_1_44' title='bbox 1323 864 1453 954; x_wconf 88' lang='lat' dir='ltr'>quani</span> <span class='ocrx_word' id='word_1_45' title='bbox 1484 839 1527 925; x_wconf 93' lang='lat' dir='ltr'>in</span> <span class='ocrx_word' id='word_1_46' title='bbox 1554 841 1839 953; x_wconf 87' lang='lat' dir='ltr'>superficiebus</span> <span class='ocrx_word' id='word_1_47' title='bbox 1867 839 2016 933; x_wconf 89' lang='lat' dir='ltr'>fluido·</span> <span class='ocrx_word' id='word_1_48' title='bbox 2150 899 2151 916; x_wconf 51' lang='lat' dir='ltr'>i</span> 
     </span>
     <span class='ocr_line' id='line_1_6' title="bbox 445 961 1527 1082; baseline -0.009 -24"><span class='ocrx_word' id='word_1_49' title='bbox 445 996 542 1058; x_wconf 86' lang='lat' dir='ltr'>rum</span> <span class='ocrx_word' id='word_1_50' title='bbox 572 967 852 1082; x_wconf 84' lang='lat' dir='ltr'>stagnantium,</span> <span class='ocrx_word' id='word_1_51' title='bbox 880 969 1012 1082; x_wconf 88' lang='lat' dir='ltr'>qualia</span> <span class='ocrx_word' id='word_1_52' title='bbox 1030 968 1120 1054; x_wconf 94' lang='lat' dir='ltr'>sunt</span> <span class='ocrx_word' id='word_1_53' title='bbox 1140 967 1266 1052; x_wconf 88' lang='lat' dir='ltr'>maria</span> <span class='ocrx_word' id='word_1_54' title='bbox 1280 963 1328 1052; x_wconf 79' lang='lat' dir='ltr'>dt</span> <span class='ocrx_word' id='word_1_55' title='bbox 1344 961 1527 1078; x_wconf 81' lang='lat' dir='ltr'>paludes</span> 
     </span>
    </p>
   </div>
   <div class='ocr_carea' id='block_1_3' title="bbox 453 1301 2015 1640">
    <p class='ocr_par' dir='ltr' id='par_1_4' title="bbox 453 1301 2015 1640">
     <span class='ocr_line' id='line_1_7' title="bbox 484 1301 1979 1424; baseline 0.001 -21"><span class='ocrx_word' id='word_1_56' title='bbox 484 1303 952 1406; x_wconf 88' lang='lat' dir='ltr'>PROPOSITIO</span> <span class='ocrx_word' id='word_1_57' title='bbox 988 1307 1260 1424; x_wconf 78' lang='lat' dir='ltr'><strong>XXXVIII.</strong></span> <span class='ocrx_word' id='word_1_58' title='bbox 1344 1301 1784 1402; x_wconf 86' lang='lat' dir='ltr'>THEOREMA</span> <span class='ocrx_word' id='word_1_59' title='bbox 1820 1308 1979 1405; x_wconf 89' lang='lat' dir='ltr'><strong>XXX.</strong></span> 
     </span>
     <span class='ocr_line' id='line_1_8' title="bbox 453 1497 2015 1640; baseline -0.001 -39"><span class='ocrx_word' id='word_1_60' title='bbox 453 1502 598 1629; x_wconf 73' lang='lat' dir='ltr'>Cubi,</span> <span class='ocrx_word' id='word_1_61' title='bbox 624 1505 671 1604; x_wconf 84' lang='lat' dir='ltr'>in</span> <span class='ocrx_word' id='word_1_62' title='bbox 685 1502 826 1632; x_wconf 84' lang='lat' dir='ltr'>fluido</span> <span class='ocrx_word' id='word_1_63' title='bbox 856 1500 1088 1640; x_wconf 64' lang='lat' dir='ltr'>comprffo</span> <span class='ocrx_word' id='word_1_64' title='bbox 1123 1497 1297 1632; x_wconf 77' lang='lat' dir='ltr'>infinito</span> <span class='ocrx_word' id='word_1_65' title='bbox 1332 1497 1393 1605; x_wconf 58' lang='grc' dir='ltr'>ΘΤ</span> <span class='ocrx_word' id='word_1_66' title='bbox 1425 1535 1509 1598; x_wconf 85' lang='lat' dir='ltr'>non</span> <span class='ocrx_word' id='word_1_67' title='bbox 1533 1497 1708 1599; x_wconf 70' lang='lat' dir='ltr'>classico</span> <span class='ocrx_word' id='word_1_68' title='bbox 1730 1501 2015 1632; x_wconf 76' lang='lat' dir='ltr'>unifitrmiter</span> 
     </span>
    </p>
   </div>
   <div class='ocr_carea' id='block_1_4' title="bbox 513 1650 2022 2104">
    <p class='ocr_par' dir='ltr' id='par_1_5' title="bbox 513 1650 2022 2104">
     <span class='ocr_line' id='line_1_9' title="bbox 513 1650 2013 1796; baseline 0.001 -42"><span class='ocrx_word' id='word_1_69' title='bbox 513 1657 850 1796; x_wconf 84' lang='lat' dir='ltr'>progredientis,</span> <span class='ocrx_word' id='word_1_70' title='bbox 891 1652 1128 1788; x_wconf 72' lang='lat' dir='ltr'>rtfistentia</span> <span class='ocrx_word' id='word_1_71' title='bbox 1166 1651 1319 1784; x_wconf 76' lang='lat' dir='ltr'>eslad</span> <span class='ocrx_word' id='word_1_72' title='bbox 1342 1650 1437 1752; x_wconf 89' lang='lat' dir='ltr'>vim</span> <span class='ocrx_word' id='word_1_73' title='bbox 1472 1689 1563 1786; x_wconf 88' lang='lat' dir='ltr'>qua</span> <span class='ocrx_word' id='word_1_74' title='bbox 1600 1679 1709 1750; x_wconf 83' lang='lat' dir='ltr'>totus</span> <span class='ocrx_word' id='word_1_75' title='bbox 1741 1661 1831 1784; x_wconf 81' lang='lat' dir='ltr'>ejus</span> <span class='ocrx_word' id='word_1_76' title='bbox 1864 1685 2013 1782; x_wconf 83' lang='lat' dir='ltr'>matut,</span> 
     </span>
     <span class='ocr_line' id='line_1_10' title="bbox 523 1802 2022 1948; baseline 0.001 -41"><span class='ocrx_word' id='word_1_77' title='bbox 523 1849 607 1946; x_wconf 86' lang='lat' dir='ltr'>quo</span> <span class='ocrx_word' id='word_1_78' title='bbox 641 1839 835 1948; x_wconf 84' lang='lat' dir='ltr'>tempore</span> <span class='ocrx_word' id='word_1_79' title='bbox 872 1807 961 1908; x_wconf 72' lang='lat' dir='ltr'>osso</span> <span class='ocrx_word' id='word_1_80' title='bbox 986 1806 1139 1906; x_wconf 80' lang='lat' dir='ltr'>tertias</span> <span class='ocrx_word' id='word_1_81' title='bbox 1157 1832 1314 1946; x_wconf 86' lang='lat' dir='ltr'>partes</span> <span class='ocrx_word' id='word_1_82' title='bbox 1349 1803 1559 1902; x_wconf 78' lang='lat' dir='ltr'><em>diametri</em></span> <span class='ocrx_word' id='word_1_83' title='bbox 1570 1809 1665 1924; x_wconf 83' lang='lat' dir='ltr'>suae</span> <span class='ocrx_word' id='word_1_84' title='bbox 1689 1802 1911 1934; x_wconf 72' lang='lat' dir='ltr'>destribii,</span> <span class='ocrx_word' id='word_1_85' title='bbox 1947 1815 2022 1911; x_wconf 81' lang='lat' dir='ltr'>vel</span> 
     </span>
     <span class='ocr_line' id='line_1_11' title="bbox 525 1949 2018 2104; baseline 0 -44"><span class='ocrx_word' id='word_1_86' title='bbox 525 1963 618 2062; x_wconf 79' lang='lat' dir='ltr'>tolli</span> <span class='ocrx_word' id='word_1_87' title='bbox 650 1963 790 2104; x_wconf 84' lang='lat' dir='ltr'>¹poffit</span> <span class='ocrx_word' id='word_1_88' title='bbox 827 1961 904 2062; x_wconf 84' lang='lat' dir='ltr'>vel</span> <span class='ocrx_word' id='word_1_89' title='bbox 930 1957 1158 2096; x_wconf 82' lang='lat' dir='ltr'>generari,</span> <span class='ocrx_word' id='word_1_90' title='bbox 1202 1983 1251 2056; x_wconf 83' lang='lat' dir='ltr'>ut</span> <span class='ocrx_word' id='word_1_91' title='bbox 1283 1958 1469 2094; x_wconf 75' lang='lat' dir='ltr'>detfitas</span> <span class='ocrx_word' id='word_1_92' title='bbox 1492 1953 1627 2085; x_wconf 82' lang='lat' dir='ltr'>fluidi</span> <span class='ocrx_word' id='word_1_93' title='bbox 1667 1956 1736 2056; x_wconf 83' lang='lat' dir='ltr'>ad</span> <span class='ocrx_word' id='word_1_94' title='bbox 1761 1949 2018 2094; x_wconf 80' lang='lat' dir='ltr'>denfitatem</span> 
     </span>
    </p>
   </div>
   <div class='ocr_carea' id='block_1_5' title="bbox 515 2115 1010 2260">
    <p class='ocr_par' dir='ltr' id='par_1_6' title="bbox 515 2115 1010 2260">
     <span class='ocr_line' id='line_1_12' title="bbox 515 2115 1010 2260; baseline 0.002 -46"><span class='ocrx_word' id='word_1_95' title='bbox 515 2115 633 2255; x_wconf 81' lang='lat' dir='ltr'><em>globi</em></span> <span class='ocrx_word' id='word_1_96' title='bbox 657 2115 1010 2260; x_wconf 78' lang='lat' dir='ltr'>quamproxime.</span> 
     </span>
    </p>
   </div>
   <div class='ocr_carea' id='block_1_6' title="bbox 437 2373 2151 4968">
    <p class='ocr_par' dir='ltr' id='par_1_7' title="bbox 437 2373 2023 3850">
     <span class='ocr_line' id='line_1_13' title="bbox 505 2373 2018 2491; baseline 0 -28"><span class='ocrx_word' id='word_1_97' title='bbox 505 2379 612 2464; x_wconf 90' lang='lat' dir='ltr'>Nam</span> <span class='ocrx_word' id='word_1_98' title='bbox 647 2379 792 2489; x_wconf 84' lang='lat' dir='ltr'><strong>globus</strong></span> <span class='ocrx_word' id='word_1_99' title='bbox 817 2379 874 2464; x_wconf 88' lang='lat' dir='ltr'>est</span> <span class='ocrx_word' id='word_1_100' title='bbox 903 2377 954 2464; x_wconf 91' lang='lat' dir='ltr'>ad</span> <span class='ocrx_word' id='word_1_101' title='bbox 990 2375 1225 2489; x_wconf 88' lang='lat' dir='ltr'>cylindrum</span> <span class='ocrx_word' id='word_1_102' title='bbox 1253 2373 1610 2491; x_wconf 88' lang='lat' dir='ltr'>circumscriptum</span> <span class='ocrx_word' id='word_1_103' title='bbox 1636 2394 1683 2463; x_wconf 93' lang='lat' dir='ltr'>ut</span> <span class='ocrx_word' id='word_1_104' title='bbox 1713 2377 1799 2465; x_wconf 92' lang='lat' dir='ltr'>duo</span> <span class='ocrx_word' id='word_1_105' title='bbox 1833 2377 1884 2464; x_wconf 86' lang='lat' dir='ltr'>ad</span> <span class='ocrx_word' id='word_1_106' title='bbox 1916 2380 2018 2477; x_wconf 68' lang='lat' dir='ltr'>trias</span> 
     </span>
     <span class='ocr_line' id='line_1_14' title="bbox 450 2499 2021 2613; baseline 0.001 -27"><span class='ocrx_word' id='word_1_107' title='bbox 450 2501 498 2586; x_wconf 77' lang='lat' dir='ltr'>dt</span> <span class='ocrx_word' id='word_1_108' title='bbox 525 2520 744 2612; x_wconf 89' lang='lat' dir='ltr'>propterea</span> <span class='ocrx_word' id='word_1_109' title='bbox 761 2501 821 2585; x_wconf 93' lang='lat' dir='ltr'>vis</span> <span class='ocrx_word' id='word_1_110' title='bbox 840 2502 920 2600; x_wconf 88' lang='lat' dir='ltr'>illa,</span> <span class='ocrx_word' id='word_1_111' title='bbox 947 2527 1039 2612; x_wconf 85' lang='lat' dir='ltr'>quae</span> <span class='ocrx_word' id='word_1_112' title='bbox 1065 2503 1209 2586; x_wconf 91' lang='lat' dir='ltr'>tollere</span> <span class='ocrx_word' id='word_1_113' title='bbox 1228 2500 1351 2613; x_wconf 83' lang='lat' dir='ltr'>possit</span> <span class='ocrx_word' id='word_1_114' title='bbox 1373 2522 1534 2588; x_wconf 89' lang='lat' dir='ltr'>motum</span> <span class='ocrx_word' id='word_1_115' title='bbox 1562 2527 1730 2587; x_wconf 89' lang='lat' dir='ltr'>oninem</span> <span class='ocrx_word' id='word_1_116' title='bbox 1756 2499 1931 2612; x_wconf 85' lang='lat' dir='ltr'>cylindri</span> <span class='ocrx_word' id='word_1_117' title='bbox 1960 2502 2021 2588; x_wconf 89' lang='lat' dir='ltr'>in·</span> 
     </span>
     <span class='ocr_line' id='line_1_15' title="bbox 451 2623 2023 2740; baseline 0.002 -32"><span class='ocrx_word' id='word_1_118' title='bbox 451 2650 566 2713; x_wconf 85' lang='lat' dir='ltr'>terea</span> <span class='ocrx_word' id='word_1_119' title='bbox 586 2627 687 2712; x_wconf 92' lang='lat' dir='ltr'>dum</span> <span class='ocrx_word' id='word_1_120' title='bbox 708 2626 915 2739; x_wconf 84' lang='lat' dir='ltr'>cylindrus</span> <span class='ocrx_word' id='word_1_121' title='bbox 948 2623 1149 2710; x_wconf 87' lang='lat' dir='ltr'>describat</span> <span class='ocrx_word' id='word_1_122' title='bbox 1176 2625 1479 2736; x_wconf 83' lang='lat' dir='ltr'>longitudinem</span> <span class='ocrx_word' id='word_1_123' title='bbox 1512 2647 1691 2740; x_wconf 90' lang='lat' dir='ltr'>quatuor</span> <span class='ocrx_word' id='word_1_124' title='bbox 1716 2625 2023 2727; x_wconf 88' lang='lat' dir='ltr'>diametrorum,</span> 
     </span>
     <span class='ocr_line' id='line_1_16' title="bbox 450 2747 2022 2862; baseline -0.001 -27"><span class='ocrx_word' id='word_1_125' title='bbox 450 2751 567 2862; x_wconf 80' lang='lat' dir='ltr'>globi</span> <span class='ocrx_word' id='word_1_126' title='bbox 593 2770 752 2836; x_wconf 90' lang='lat' dir='ltr'>motum</span> <span class='ocrx_word' id='word_1_127' title='bbox 781 2775 949 2836; x_wconf 88' lang='lat' dir='ltr'>omnem</span> <span class='ocrx_word' id='word_1_128' title='bbox 977 2749 1092 2832; x_wconf 90' lang='lat' dir='ltr'>tollet</span> <span class='ocrx_word' id='word_1_129' title='bbox 1117 2750 1275 2834; x_wconf 91' lang='lat' dir='ltr'>interea</span> <span class='ocrx_word' id='word_1_130' title='bbox 1303 2748 1400 2836; x_wconf 87' lang='lat' dir='ltr'>dum</span> <span class='ocrx_word' id='word_1_131' title='bbox 1430 2749 1576 2859; x_wconf 85' lang='lat' dir='ltr'>globus</span> <span class='ocrx_word' id='word_1_132' title='bbox 1601 2747 1799 2834; x_wconf 81' lang='lat' dir='ltr'>describat</span> <span class='ocrx_word' id='word_1_133' title='bbox 1818 2747 1919 2844; x_wconf 86' lang='lat' dir='ltr'>duas</span> <span class='ocrx_word' id='word_1_134' title='bbox 1939 2765 2022 2833; x_wconf 90' lang='lat' dir='ltr'>ter-</span> 
     </span>
     <span class='ocr_line' id='line_1_17' title="bbox 454 2868 2022 2984; baseline 0 -26"><span class='ocrx_word' id='word_1_135' title='bbox 454 2875 529 2958; x_wconf 87' lang='lat' dir='ltr'>tias</span> <span class='ocrx_word' id='word_1_136' title='bbox 557 2890 690 2981; x_wconf 86' lang='lat' dir='ltr'>partes</span> <span class='ocrx_word' id='word_1_137' title='bbox 727 2870 843 2979; x_wconf 89' lang='lat' dir='ltr'>hujus</span> <span class='ocrx_word' id='word_1_138' title='bbox 881 2868 1162 2978; x_wconf 80' lang='lat' dir='ltr'>longitudinis,</span> <span class='ocrx_word' id='word_1_139' title='bbox 1197 2870 1336 2971; x_wconf 85' lang='lat' dir='ltr'>idest,</span> <span class='ocrx_word' id='word_1_140' title='bbox 1372 2873 1468 2958; x_wconf 72' lang='lat' dir='ltr'>osio</span> <span class='ocrx_word' id='word_1_141' title='bbox 1495 2873 1633 2958; x_wconf 88' lang='lat' dir='ltr'>tertias</span> <span class='ocrx_word' id='word_1_142' title='bbox 1667 2893 1802 2984; x_wconf 87' lang='lat' dir='ltr'>partes</span> <span class='ocrx_word' id='word_1_143' title='bbox 1834 2871 2022 2958; x_wconf 85' lang='lat' dir='ltr'>diametri</span> 
     </span>
     <span class='ocr_line' id='line_1_18' title="bbox 437 2991 2020 3110; baseline -0.001 -30"><span class='ocrx_word' id='word_1_144' title='bbox 437 2993 644 3110; x_wconf 75' lang='lat' dir='ltr'>propria.</span> <span class='ocrx_word' id='word_1_145' title='bbox 699 2991 940 3079; x_wconf 85' lang='lat' dir='ltr'>Resistentia</span> <span class='ocrx_word' id='word_1_146' title='bbox 969 3011 1106 3078; x_wconf 87' lang='lat' dir='ltr'>autem</span> <span class='ocrx_word' id='word_1_147' title='bbox 1127 2994 1301 3105; x_wconf 91' lang='lat' dir='ltr'>cylindri</span> <span class='ocrx_word' id='word_1_148' title='bbox 1325 2993 1383 3081; x_wconf 86' lang='lat' dir='ltr'>est</span> <span class='ocrx_word' id='word_1_149' title='bbox 1406 2997 1459 3082; x_wconf 87' lang='lat' dir='ltr'>ad</span> <span class='ocrx_word' id='word_1_150' title='bbox 1482 2999 1586 3083; x_wconf 87' lang='lat' dir='ltr'>hauc</span> <span class='ocrx_word' id='word_1_151' title='bbox 1604 2996 1688 3080; x_wconf 87' lang='lat' dir='ltr'>viin</span> <span class='ocrx_word' id='word_1_152' title='bbox 1707 2995 2020 3108; x_wconf 80' lang='lat' dir='ltr'>quamproxime</span> 
     </span>
     <span class='ocr_line' id='line_1_19' title="bbox 453 3115 2022 3233; baseline -0.004 -25"><span class='ocrx_word' id='word_1_153' title='bbox 453 3142 504 3208; x_wconf 87' lang='lat' dir='ltr'>ut</span> <span class='ocrx_word' id='word_1_154' title='bbox 522 3119 693 3206; x_wconf 78' lang='lat' dir='ltr'>densitas</span> <span class='ocrx_word' id='word_1_155' title='bbox 715 3117 834 3202; x_wconf 86' lang='lat' dir='ltr'>fluidi</span> <span class='ocrx_word' id='word_1_156' title='bbox 867 3117 919 3202; x_wconf 86' lang='lat' dir='ltr'>ad</span> <span class='ocrx_word' id='word_1_157' title='bbox 937 3115 1179 3204; x_wconf 78' lang='lat' dir='ltr'>densitatem</span> <span class='ocrx_word' id='word_1_158' title='bbox 1198 3121 1376 3231; x_wconf 82' lang='lat' dir='ltr'>cylindri</span> <span class='ocrx_word' id='word_1_159' title='bbox 1403 3123 1469 3206; x_wconf 87' lang='lat' dir='ltr'>vel</span> <span class='ocrx_word' id='word_1_160' title='bbox 1484 3121 1597 3231; x_wconf 84' lang='lat' dir='ltr'>globi</span> <span class='ocrx_word' id='word_1_161' title='bbox 1615 3145 1688 3230; x_wconf 90' lang='lat' dir='ltr'>per</span> <span class='ocrx_word' id='word_1_162' title='bbox 1713 3145 1832 3233; x_wconf 88' lang='lat' dir='ltr'>prop.</span> <span class='ocrx_word' id='word_1_163' title='bbox 1849 3146 2022 3206; x_wconf 82' lang='lat' dir='ltr'>mvii.</span> 
     </span>
     <span class='ocr_line' id='line_1_20' title="bbox 452 3242 2021 3359; baseline -0.006 -22.974"><span class='ocrx_word' id='word_1_164' title='bbox 452 3243 729 3336; x_wconf 79' lang='lat' dir='ltr'>&amp;resistentia</span> <span class='ocrx_word' id='word_1_165' title='bbox 745 3242 861 3352; x_wconf 89' lang='lat' dir='ltr'>globi</span> <span class='ocrx_word' id='word_1_166' title='bbox 884 3243 1047 3357; x_wconf 79' lang='lat' dir='ltr'>aqualis</span> <span class='ocrx_word' id='word_1_167' title='bbox 1074 3245 1131 3330; x_wconf 83' lang='lat' dir='ltr'>ell</span> <span class='ocrx_word' id='word_1_168' title='bbox 1149 3245 1381 3333; x_wconf 72' lang='lat' dir='ltr'>resistentia</span> <span class='ocrx_word' id='word_1_169' title='bbox 1395 3247 1569 3358; x_wconf 85' lang='lat' dir='ltr'>cylindri</span> <span class='ocrx_word' id='word_1_170' title='bbox 1590 3271 1664 3359; x_wconf 88' lang='lat' dir='ltr'>pet</span> <span class='ocrx_word' id='word_1_171' title='bbox 1679 3248 1773 3332; x_wconf 83' lang='lat' dir='ltr'>leui.</span> <span class='ocrx_word' id='word_1_172' title='bbox 1796 3271 1837 3346; x_wconf 92' lang='grc' dir='ltr'>ιι,</span> <span class='ocrx_word' id='word_1_173' title='bbox 1856 3273 1919 3344; x_wconf 86' lang='grc' dir='ltr'>ιι,</span> <span class='ocrx_word' id='word_1_174' title='bbox 1935 3271 2021 3328; x_wconf 82' lang='grc' dir='ltr'>ιιι.</span> 
     </span>
     <span class='ocr_line' id='line_1_21' title="bbox 456 3369 2021 3606; baseline -0.003 -28"><span class='ocrx_word' id='word_1_175' title='bbox 456 3369 686 3578; x_wconf 48' lang='lat' dir='ltr'>QCorola.</span> <span class='ocrx_word' id='word_1_176' title='bbox 713 3488 1001 3589; x_wconf 89' lang='lat' dir='ltr'>Globorum,</span> <span class='ocrx_word' id='word_1_177' title='bbox 990 3517 1033 3578; x_wconf 89' lang='lat' dir='ltr'>in</span> <span class='ocrx_word' id='word_1_178' title='bbox 1059 3492 1205 3579; x_wconf 85' lang='lat' dir='ltr'>inediis</span> <span class='ocrx_word' id='word_1_179' title='bbox 1222 3493 1460 3606; x_wconf 82' lang='lat' dir='ltr'>compressis</span> <span class='ocrx_word' id='word_1_180' title='bbox 1478 3425 1657 3594; x_wconf 78' lang='lat' dir='ltr'>inlicitis,</span> <span class='ocrx_word' id='word_1_181' title='bbox 1684 3491 1919 3578; x_wconf 76' lang='lat' dir='ltr'>reslleutiae</span> <span class='ocrx_word' id='word_1_182' title='bbox 1934 3489 2021 3575; x_wconf 91' lang='lat' dir='ltr'>suut</span> 
     </span>
     <span class='ocr_line' id='line_1_22' title="bbox 454 3613 2023 3731; baseline -0.001 -28.999"><span class='ocrx_word' id='word_1_183' title='bbox 454 3618 682 3702; x_wconf 90' lang='lat' dir='ltr'>iuratione</span> <span class='ocrx_word' id='word_1_184' title='bbox 708 3640 801 3727; x_wconf 76' lang='lat' dir='ltr'>quae</span> <span class='ocrx_word' id='word_1_185' title='bbox 832 3619 1097 3729; x_wconf 87' lang='lat' dir='ltr'>componitur</span> <span class='ocrx_word' id='word_1_186' title='bbox 1120 3643 1177 3704; x_wconf 79' lang='lat' dir='ltr'>eit</span> <span class='ocrx_word' id='word_1_187' title='bbox 1204 3618 1408 3731; x_wconf 85' lang='lat' dir='ltr'>duplicata</span> <span class='ocrx_word' id='word_1_188' title='bbox 1434 3622 1591 3706; x_wconf 88' lang='lat' dir='ltr'>tatione</span> <span class='ocrx_word' id='word_1_189' title='bbox 1617 3619 1859 3716; x_wconf 84' lang='lat' dir='ltr'>velocitatis,</span> <span class='ocrx_word' id='word_1_190' title='bbox 1885 3613 1930 3696; x_wconf 74' lang='lat' dir='ltr'>dt</span> <span class='ocrx_word' id='word_1_191' title='bbox 1950 3615 2023 3700; x_wconf 92' lang='lat' dir='ltr'>du·</span> 
     </span>
     <span class='ocr_line' id='line_1_23' title="bbox 455 3738 1750 3850; baseline 0.004 -28"><span class='ocrx_word' id='word_1_192' title='bbox 455 3741 603 3850; x_wconf 91' lang='lat' dir='ltr'>plicata</span> <span class='ocrx_word' id='word_1_193' title='bbox 623 3739 780 3823; x_wconf 88' lang='lat' dir='ltr'>ratione</span> <span class='ocrx_word' id='word_1_194' title='bbox 800 3738 1002 3841; x_wconf 87' lang='lat' dir='ltr'>diametri,</span> <span class='ocrx_word' id='word_1_195' title='bbox 1032 3739 1076 3826; x_wconf 72' lang='lat' dir='ltr'>u</span> <span class='ocrx_word' id='word_1_196' title='bbox 1101 3742 1258 3828; x_wconf 87' lang='lat' dir='ltr'>ratione</span> <span class='ocrx_word' id='word_1_197' title='bbox 1281 3741 1487 3828; x_wconf 86' lang='lat' dir='ltr'>densitatis</span> <span class='ocrx_word' id='word_1_198' title='bbox 1507 3743 1750 3828; x_wconf 90' lang='lat' dir='ltr'>mediorum.</span> 
     </span>
    </p>

    <p class='ocr_par' dir='ltr' id='par_1_8' title="bbox 455 3857 2151 4968">
     <span class='ocr_line' id='line_1_24' title="bbox 513 3857 2024 3978; baseline -0.002 -33"><span class='ocrx_word' id='word_1_199' title='bbox 513 3861 639 3945; x_wconf 79' lang='lat' dir='ltr'>Coros.</span> <span class='ocrx_word' id='word_1_200' title='bbox 659 3890 695 3944; x_wconf 87' lang='lat'>2.</span> <span class='ocrx_word' id='word_1_201' title='bbox 724 3857 933 3966; x_wconf 87' lang='lat' dir='ltr'>Velocitas</span> <span class='ocrx_word' id='word_1_202' title='bbox 960 3864 1135 3950; x_wconf 86' lang='lat' dir='ltr'>maxiina</span> <span class='ocrx_word' id='word_1_203' title='bbox 1163 3889 1342 3978; x_wconf 88' lang='lat' dir='ltr'>quacum</span> <span class='ocrx_word' id='word_1_204' title='bbox 1361 3864 1520 3974; x_wconf 87' lang='lat' dir='ltr'>globus,</span> <span class='ocrx_word' id='word_1_205' title='bbox 1546 3891 1587 3949; x_wconf 88' lang='lat' dir='ltr'>vi</span> <span class='ocrx_word' id='word_1_206' title='bbox 1575 3861 1797 3976; x_wconf 89' lang='lat' dir='ltr'>ponderis</span> <span class='ocrx_word' id='word_1_207' title='bbox 1821 3857 1885 3944; x_wconf 92' lang='lat' dir='ltr'>sui</span> <span class='ocrx_word' id='word_1_208' title='bbox 1903 3882 2024 3942; x_wconf 87' lang='lat' dir='ltr'>coni-</span> 
     </span>
     <span class='ocr_line' id='line_1_25' title="bbox 456 3959 2024 4098; baseline -0.005 -28"><span class='ocrx_word' id='word_1_209' title='bbox 456 3984 640 4098; x_wconf 88' lang='lat' dir='ltr'>parativi,</span> <span class='ocrx_word' id='word_1_210' title='bbox 667 3984 709 4069; x_wconf 93' lang='lat' dir='ltr'>in</span> <span class='ocrx_word' id='word_1_211' title='bbox 736 3959 878 4080; x_wconf 85' lang='lat' dir='ltr'>fluido</span> <span class='ocrx_word' id='word_1_212' title='bbox 899 3981 1105 4070; x_wconf 83' lang='lat' dir='ltr'>resistente</span> <span class='ocrx_word' id='word_1_213' title='bbox 1126 3986 1259 4098; x_wconf 86' lang='lat' dir='ltr'>potest</span> <span class='ocrx_word' id='word_1_214' title='bbox 1288 3985 1552 4085; x_wconf 88' lang='lat' dir='ltr'>descendere,</span> <span class='ocrx_word' id='word_1_215' title='bbox 1578 4013 1625 4072; x_wconf 89' lang='lat' dir='ltr'>ea</span> <span class='ocrx_word' id='word_1_216' title='bbox 1652 3985 1709 4071; x_wconf 87' lang='lat' dir='ltr'>est</span> <span class='ocrx_word' id='word_1_217' title='bbox 1737 4009 1859 4098; x_wconf 87' lang='lat' dir='ltr'>quam</span> <span class='ocrx_word' id='word_1_218' title='bbox 1888 3979 2024 4096; x_wconf 84' lang='lat' dir='ltr'>acqui·</span> 
     </span>
     <span class='ocr_line' id='line_1_26' title="bbox 455 4097 2024 4224; baseline -0.006 -28"><span class='ocrx_word' id='word_1_219' title='bbox 455 4135 549 4198; x_wconf 88' lang='lat' dir='ltr'>rere</span> <span class='ocrx_word' id='word_1_220' title='bbox 575 4112 712 4223; x_wconf 86' lang='lat' dir='ltr'>potest</span> <span class='ocrx_word' id='word_1_221' title='bbox 738 4097 885 4221; x_wconf 84' lang='lat' dir='ltr'>globus</span> <span class='ocrx_word' id='word_1_222' title='bbox 908 4111 1037 4210; x_wconf 88' lang='lat' dir='ltr'>idem,</span> <span class='ocrx_word' id='word_1_223' title='bbox 1075 4109 1226 4198; x_wconf 90' lang='lat' dir='ltr'>eodem</span> <span class='ocrx_word' id='word_1_224' title='bbox 1252 4111 1453 4224; x_wconf 82' lang='lat' dir='ltr'>pondere,</span> <span class='ocrx_word' id='word_1_225' title='bbox 1479 4112 1562 4199; x_wconf 90' lang='lat' dir='ltr'>sine</span> <span class='ocrx_word' id='word_1_226' title='bbox 1590 4111 1810 4198; x_wconf 86' lang='lat' dir='ltr'>resistentia</span> <span class='ocrx_word' id='word_1_227' title='bbox 1836 4103 2024 4192; x_wconf 84' lang='lat' dir='ltr'>cadeudo</span> 
     </span>
     <span class='ocr_line' id='line_1_27' title="bbox 458 4231 2028 4349; baseline -0.003 -33"><span class='ocrx_word' id='word_1_228' title='bbox 458 4235 504 4316; x_wconf 75' lang='lat' dir='ltr'>dt</span> <span class='ocrx_word' id='word_1_229' title='bbox 533 4236 624 4320; x_wconf 90' lang='lat' dir='ltr'>casu</span> <span class='ocrx_word' id='word_1_230' title='bbox 653 4235 725 4322; x_wconf 93' lang='lat' dir='ltr'>suo</span> <span class='ocrx_word' id='word_1_231' title='bbox 753 4233 1024 4321; x_wconf 87' lang='lat' dir='ltr'>describendo</span> <span class='ocrx_word' id='word_1_232' title='bbox 1055 4233 1240 4346; x_wconf 79' lang='lat' dir='ltr'>spatium</span> <span class='ocrx_word' id='word_1_233' title='bbox 1258 4235 1375 4349; x_wconf 92' lang='lat' dir='ltr'>quod</span> <span class='ocrx_word' id='word_1_234' title='bbox 1397 4234 1444 4320; x_wconf 91' lang='lat' dir='ltr'>fit</span> <span class='ocrx_word' id='word_1_235' title='bbox 1470 4234 1523 4320; x_wconf 90' lang='lat' dir='ltr'>ad</span> <span class='ocrx_word' id='word_1_236' title='bbox 1556 4254 1733 4349; x_wconf 89' lang='lat' dir='ltr'>quatuor</span> <span class='ocrx_word' id='word_1_237' title='bbox 1766 4231 1904 4318; x_wconf 89' lang='lat' dir='ltr'>tertias</span> <span class='ocrx_word' id='word_1_238' title='bbox 1935 4253 2028 4340; x_wconf 92' lang='lat' dir='ltr'>par·</span> 
     </span>
     <span class='ocr_line' id='line_1_28' title="bbox 458 4350 2027 4480; baseline -0.002 -44"><span class='ocrx_word' id='word_1_239' title='bbox 458 4371 521 4438; x_wconf 89' lang='lat' dir='ltr'>tes</span> <span class='ocrx_word' id='word_1_240' title='bbox 545 4357 733 4445; x_wconf 86' lang='lat' dir='ltr'>diametri</span> <span class='ocrx_word' id='word_1_241' title='bbox 760 4357 839 4444; x_wconf 82' lang='lat' dir='ltr'>sure</span> <span class='ocrx_word' id='word_1_242' title='bbox 859 4377 905 4444; x_wconf 93' lang='lat' dir='ltr'>ut</span> <span class='ocrx_word' id='word_1_243' title='bbox 931 4356 1104 4443; x_wconf 79' lang='lat' dir='ltr'>densitas</span> <span class='ocrx_word' id='word_1_244' title='bbox 1134 4361 1280 4480; x_wconf 88' lang='lat' dir='ltr'>globi</span> <span class='ocrx_word' id='word_1_245' title='bbox 1274 4359 1325 4444; x_wconf 88' lang='lat' dir='ltr'>ad</span> <span class='ocrx_word' id='word_1_246' title='bbox 1350 4358 1592 4445; x_wconf 89' lang='lat' dir='ltr'>densitatem</span> <span class='ocrx_word' id='word_1_247' title='bbox 1617 4357 1750 4444; x_wconf 86' lang='lat' dir='ltr'>fluidi.</span> <span class='ocrx_word' id='word_1_248' title='bbox 1804 4355 1909 4440; x_wconf 83' lang='lat' dir='ltr'>Nini</span> <span class='ocrx_word' id='word_1_249' title='bbox 1932 4350 2027 4460; x_wconf 84' lang='lat' dir='ltr'>glo-</span> 
     </span>
     <span class='ocr_line' id='line_1_29' title="bbox 456 4453 2151 4596; baseline -0.002 -37"><span class='ocrx_word' id='word_1_250' title='bbox 456 4477 534 4561; x_wconf 87' lang='lat' dir='ltr'>bus</span> <span class='ocrx_word' id='word_1_251' title='bbox 562 4499 748 4592; x_wconf 88' lang='lat' dir='ltr'>tempore</span> <span class='ocrx_word' id='word_1_252' title='bbox 772 4482 882 4566; x_wconf 87' lang='lat' dir='ltr'>casus</span> <span class='ocrx_word' id='word_1_253' title='bbox 904 4453 977 4586; x_wconf 84' lang='lat' dir='ltr'>sui,</span> <span class='ocrx_word' id='word_1_254' title='bbox 1006 4509 1102 4568; x_wconf 90' lang='lat' dir='ltr'>curn</span> <span class='ocrx_word' id='word_1_255' title='bbox 1130 4485 1349 4570; x_wconf 87' lang='lat' dir='ltr'>velocitate</span> <span class='ocrx_word' id='word_1_256' title='bbox 1371 4483 1562 4570; x_wconf 85' lang='lat' dir='ltr'>cadendo</span> <span class='ocrx_word' id='word_1_257' title='bbox 1589 4482 1795 4596; x_wconf 84' lang='lat' dir='ltr'>aoqu&#39;ilita,</span> <span class='ocrx_word' id='word_1_258' title='bbox 1821 4473 2026 4564; x_wconf 84' lang='lat' dir='ltr'>describet</span> <span class='ocrx_word' id='word_1_259' title='bbox 2150 4551 2151 4556; x_wconf 17' lang='lat' dir='ltr'>t</span> 
     </span>
     <span class='ocr_line' id='line_1_30' title="bbox 456 4591 2022 4734; baseline -0.005 -46"><span class='ocrx_word' id='word_1_260' title='bbox 456 4601 631 4714; x_wconf 84' lang='lat' dir='ltr'>spatium</span> <span class='ocrx_word' id='word_1_261' title='bbox 656 4609 768 4716; x_wconf 84' lang='lat' dir='ltr'>quod</span> <span class='ocrx_word' id='word_1_262' title='bbox 794 4607 877 4690; x_wconf 85' lang='lat' dir='ltr'>erit</span> <span class='ocrx_word' id='word_1_263' title='bbox 910 4605 962 4692; x_wconf 86' lang='lat' dir='ltr'>ad</span> <span class='ocrx_word' id='word_1_264' title='bbox 995 4603 1091 4695; x_wconf 75' lang='lat' dir='ltr'>osio</span> <span class='ocrx_word' id='word_1_265' title='bbox 1117 4610 1257 4694; x_wconf 75' lang='lat' dir='ltr'>sortitis</span> <span class='ocrx_word' id='word_1_266' title='bbox 1289 4609 1479 4696; x_wconf 85' lang='lat' dir='ltr'>diametri</span> <span class='ocrx_word' id='word_1_267' title='bbox 1505 4601 1600 4706; x_wconf 69' lang='lat' dir='ltr'>ssim,</span> <span class='ocrx_word' id='word_1_268' title='bbox 1634 4627 1680 4692; x_wconf 89' lang='lat' dir='ltr'>ut</span> <span class='ocrx_word' id='word_1_269' title='bbox 1706 4602 1881 4692; x_wconf 85' lang='lat' dir='ltr'>densitas</span> <span class='ocrx_word' id='word_1_270' title='bbox 1911 4591 2022 4734; x_wconf 82' lang='lat' dir='ltr'>globi</span> 
     </span>
     <span class='ocr_line' id='line_1_31' title="bbox 455 4719 2022 4846; baseline -0.006 -34"><span class='ocrx_word' id='word_1_271' title='bbox 455 4728 510 4814; x_wconf 89' lang='lat' dir='ltr'>ad</span> <span class='ocrx_word' id='word_1_272' title='bbox 532 4727 778 4814; x_wconf 86' lang='lat' dir='ltr'>densitatem</span> <span class='ocrx_word' id='word_1_273' title='bbox 800 4729 952 4831; x_wconf 79' lang='lat' dir='ltr'>fluidi,</span> <span class='ocrx_word' id='word_1_274' title='bbox 989 4731 1032 4816; x_wconf 87' lang='lat'>&amp;</span> <span class='ocrx_word' id='word_1_275' title='bbox 1065 4734 1126 4818; x_wconf 87' lang='lat' dir='ltr'>vis</span> <span class='ocrx_word' id='word_1_276' title='bbox 1155 4735 1347 4846; x_wconf 82' lang='lat' dir='ltr'>ponderis</span> <span class='ocrx_word' id='word_1_277' title='bbox 1376 4751 1537 4820; x_wconf 80' lang='lat' dir='ltr'>motum</span> <span class='ocrx_word' id='word_1_278' title='bbox 1567 4735 1677 4818; x_wconf 87' lang='lat' dir='ltr'>huuc</span> <span class='ocrx_word' id='word_1_279' title='bbox 1707 4751 1922 4842; x_wconf 85' lang='lat' dir='ltr'>generans,</span> <span class='ocrx_word' id='word_1_280' title='bbox 1948 4719 2022 4808; x_wconf 92' lang='lat' dir='ltr'>erit</span> 
     </span>
     <span class='ocr_line' id='line_1_32' title="bbox 457 4845 2059 4968; baseline -0.005 -34"><span class='ocrx_word' id='word_1_281' title='bbox 457 4849 568 4934; x_wconf 85' lang='lat' dir='ltr'>ad</span> <span class='ocrx_word' id='word_1_282' title='bbox 532 4877 612 4934; x_wconf 87' lang='lat' dir='ltr'>vim</span> <span class='ocrx_word' id='word_1_283' title='bbox 635 4877 730 4965; x_wconf 86' lang='lat' dir='ltr'>quae</span> <span class='ocrx_word' id='word_1_284' title='bbox 758 4874 917 4938; x_wconf 89' lang='lat' dir='ltr'>motum</span> <span class='ocrx_word' id='word_1_285' title='bbox 945 4855 1126 4942; x_wconf 86' lang='lat' dir='ltr'>eundern</span> <span class='ocrx_word' id='word_1_286' title='bbox 1153 4880 1348 4966; x_wconf 80' lang='lat' dir='ltr'>generare</span> <span class='ocrx_word' id='word_1_287' title='bbox 1381 4855 1524 4968; x_wconf 86' lang='lat' dir='ltr'>possit,</span> <span class='ocrx_word' id='word_1_288' title='bbox 1555 4880 1642 4968; x_wconf 91' lang='lat' dir='ltr'>quo</span> <span class='ocrx_word' id='word_1_289' title='bbox 1673 4873 1863 4964; x_wconf 89' lang='lat' dir='ltr'>tempore</span> <span class='ocrx_word' id='word_1_290' title='bbox 1882 4845 2024 4958; x_wconf 89' lang='lat' dir='ltr'>globus</span> <span class='ocrx_word' id='word_1_291' title='bbox 2055 4931 2059 4938; x_wconf 75' lang='grc'>,</span> 
     </span>
    </p>
   </div>
   <div class='ocr_carea' id='block_1_7' title="bbox 455 4968 2025 5180">
    <p class='ocr_par' dir='ltr' id='par_1_9' title="bbox 455 4968 2025 5180">
     <span class='ocr_line' id='line_1_33' title="bbox 455 4968 2025 5180; baseline -0.002 -123"><span class='ocrx_word' id='word_1_292' title='bbox 455 4969 553 5058; x_wconf 73' lang='lat' dir='ltr'>osio</span> <span class='ocrx_word' id='word_1_293' title='bbox 584 4978 720 5064; x_wconf 83' lang='lat' dir='ltr'>tertias</span> <span class='ocrx_word' id='word_1_294' title='bbox 745 4976 936 5066; x_wconf 82' lang='lat' dir='ltr'>diametri</span> <span class='ocrx_word' id='word_1_295' title='bbox 969 4979 1051 5067; x_wconf 76' lang='lat' dir='ltr'>suae</span> <span class='ocrx_word' id='word_1_296' title='bbox 1088 4980 1233 5082; x_wconf 72' lang='grc' dir='ltr'>ειιιιιιι</span> <span class='ocrx_word' id='word_1_297' title='bbox 1274 4982 1495 5070; x_wconf 85' lang='lat' dir='ltr'>uelocitate</span> <span class='ocrx_word' id='word_1_298' title='bbox 1529 4978 1737 5080; x_wconf 86' lang='lat' dir='ltr'>describit,</span> <span class='ocrx_word' id='word_1_299' title='bbox 1774 4995 1822 5065; x_wconf 94' lang='lat' dir='ltr'>ut</span> <span class='ocrx_word' id='word_1_300' title='bbox 1855 4968 2025 5180; x_wconf 53' lang='lat' dir='ltr'>depfitpls</span> 
     </span>
     <span class='ocr_line' id='line_1_34' title="bbox 1937 5119 1977 5178; baseline -0.05 0"><span class='ocrx_word' id='word_1_301' title='bbox 1937 5119 1977 5178; x_wconf 94' lang='lat' dir='ltr'>ui</span> 
     </span>
    </p>
   </div>
   <div class='ocr_carea' id='block_1_8' title="bbox 0 0 2183 5648">
    <p class='ocr_par' dir='ltr' id='par_1_10' title="bbox 0 0 2183 5648">
     <span class='ocr_line' id='line_1_35' title="bbox 0 0 2183 5648; baseline 0 0"><span class='ocrx_word' id='word_1_302' title='bbox 0 0 2183 5648; x_wconf 95' lang='lat' dir='ltr'> </span> 
     </span>
    </p>
   </div>
  </div>
 </body>
</html>
