<?xml version="1.0" encoding="UTF-8"?>
<!DOCTYPE html PUBLIC "-//W3C//DTD XHTML 1.0 Transitional//EN"
    "http://www.w3.org/TR/xhtml1/DTD/xhtml1-transitional.dtd">
<html xmlns="http://www.w3.org/1999/xhtml" xml:lang="en" lang="en">
 <head>
  <title>
</title>
<meta http-equiv="Content-Type" content="text/html;charset=utf-8" />
  <meta name='ocr-system' content='tesseract 3.04.00' />
  <meta name='ocr-capabilities' content='ocr_page ocr_carea ocr_par ocr_line ocrx_word'/>
</head>
<body>
  <div class='ocr_page' id='page_1' title='image "./philosophinatur00cotegoog_0451.png"; bbox 0 0 4352 5646; ppageno 0'>
   <div class='ocr_carea' id='block_1_1' title="bbox 471 251 1760 381">
    <p class='ocr_par' dir='ltr' id='par_1_1' title="bbox 471 251 1760 381">
     <span class='ocr_line' id='line_1_1' title="bbox 471 251 1760 381; baseline 0.003 -31"><span class='ocrx_word' id='word_1_1' title='bbox 471 257 567 381; x_wconf 58' lang='lat'>382</span> <span class='ocrx_word' id='word_1_2' title='bbox 724 254 1266 354; x_wconf 68' lang='lat' dir='ltr'><strong>&#39;PH&#39;I&#39;LOSOPHIAE</strong></span> <span class='ocrx_word' id='word_1_3' title='bbox 1302 251 1760 356; x_wconf 81' lang='lat' dir='ltr'>NATURALIS</span> 
     </span>
    </p>
   </div>
   <div class='ocr_carea' id='block_1_2' title="bbox 262 427 457 488">
    <p class='ocr_par' dir='ltr' id='par_1_2' title="bbox 262 427 457 488">
     <span class='ocr_line' id='line_1_2' title="bbox 262 427 457 488; baseline -0.005 -2"><span class='ocrx_word' id='word_1_4' title='bbox 262 427 318 488; x_wconf 77' lang='lat' dir='ltr'>Da</span> <span class='ocrx_word' id='word_1_5' title='bbox 341 430 457 488; x_wconf 87' lang='grc' dir='ltr'>Μοτυ</span> 
     </span>
    </p>
   </div>
   <div class='ocr_carea' id='block_1_3' title="bbox 262 509 438 570">
    <p class='ocr_par' dir='ltr' id='par_1_3' title="bbox 262 509 438 570">
     <span class='ocr_line' id='line_1_3' title="bbox 262 509 438 570; baseline 0.034 -6"><span class='ocrx_word' id='word_1_6' title='bbox 262 509 438 570; x_wconf 81' lang='lat' dir='ltr'>Cuuuonuu</span> 
     </span>
    </p>
   </div>
   <div class='ocr_carea' id='block_1_4' title="bbox 1133 539 1365 641">
    <p class='ocr_par' dir='ltr' id='par_1_4' title="bbox 1133 539 1365 641">
     <span class='ocr_line' id='line_1_4' title="bbox 1133 539 1365 641; baseline -0.004 0"><span class='ocrx_word' id='word_1_7' title='bbox 1133 539 1365 641; x_wconf 71' lang='lat' dir='ltr'>scholium.</span> 
     </span>
    </p>
   </div>
   <div class='ocr_carea' id='block_1_5' title="bbox 461 698 2039 2310">
    <p class='ocr_par' dir='ltr' id='par_1_5' title="bbox 461 698 2039 2310">
     <span class='ocr_line' id='line_1_5' title="bbox 520 698 2039 816; baseline 0.001 -32"><span class='ocrx_word' id='word_1_8' title='bbox 520 698 563 784; x_wconf 92' lang='lat' dir='ltr'>ln</span> <span class='ocrx_word' id='word_1_9' title='bbox 588 703 647 788; x_wconf 91' lang='lat' dir='ltr'>his</span> <span class='ocrx_word' id='word_1_10' title='bbox 657 701 857 788; x_wconf 89' lang='lat' dir='ltr'>omnibus</span> <span class='ocrx_word' id='word_1_11' title='bbox 876 701 1073 815; x_wconf 77' lang='lat' dir='ltr'>¹suppono</span> <span class='ocrx_word' id='word_1_12' title='bbox 1099 701 1275 786; x_wconf 81' lang='lat' dir='ltr'>fluidum</span> <span class='ocrx_word' id='word_1_13' title='bbox 1295 727 1348 786; x_wconf 85' lang='lat' dir='ltr'>ex</span> <span class='ocrx_word' id='word_1_14' title='bbox 1372 703 1540 789; x_wconf 84' lang='lat' dir='ltr'>materia</span> <span class='ocrx_word' id='word_1_15' title='bbox 1571 701 1707 816; x_wconf 90' lang='lat' dir='ltr'>quoad</span> <span class='ocrx_word' id='word_1_16' title='bbox 1728 701 1969 788; x_wconf 88' lang='lat' dir='ltr'>densitatem</span> <span class='ocrx_word' id='word_1_17' title='bbox 1991 702 2039 786; x_wconf 80' lang='lat' dir='ltr'>dc</span> 
     </span>
     <span class='ocr_line' id='line_1_6' title="bbox 467 823 2035 938; baseline 0.003 -32"><span class='ocrx_word' id='word_1_18' title='bbox 467 823 712 912; x_wconf 87' lang='lat' dir='ltr'>fluiditatem</span> <span class='ocrx_word' id='word_1_19' title='bbox 733 824 927 912; x_wconf 88' lang='lat' dir='ltr'>uniformi</span> <span class='ocrx_word' id='word_1_20' title='bbox 953 826 1147 911; x_wconf 84' lang='lat' dir='ltr'>constare.</span> <span class='ocrx_word' id='word_1_21' title='bbox 1201 823 1307 910; x_wconf 67' lang='lat' dir='ltr'>‘Tale</span> <span class='ocrx_word' id='word_1_22' title='bbox 1327 825 1444 912; x_wconf 80' lang='lat' dir='ltr'>essin</span> <span class='ocrx_word' id='word_1_23' title='bbox 1469 853 1554 938; x_wconf 92' lang='lat' dir='ltr'>quo</span> <span class='ocrx_word' id='word_1_24' title='bbox 1576 827 1720 935; x_wconf 78' lang='lat' dir='ltr'>globus</span> <span class='ocrx_word' id='word_1_25' title='bbox 1741 826 1853 910; x_wconf 89' lang='lat' dir='ltr'>idem</span> <span class='ocrx_word' id='word_1_26' title='bbox 1879 825 2035 910; x_wconf 84' lang='lat' dir='ltr'>eodem</span> 
     </span>
     <span class='ocr_line' id='line_1_7' title="bbox 466 947 2036 1060; baseline 0.003 -31"><span class='ocrx_word' id='word_1_27' title='bbox 466 972 561 1033; x_wconf 93' lang='lat' dir='ltr'>cum</span> <span class='ocrx_word' id='word_1_28' title='bbox 582 970 711 1048; x_wconf 91' lang='lat' dir='ltr'>motu,</span> <span class='ocrx_word' id='word_1_29' title='bbox 738 951 780 1034; x_wconf 91' lang='lat' dir='ltr'>in</span> <span class='ocrx_word' id='word_1_30' title='bbox 800 947 950 1033; x_wconf 89' lang='lat' dir='ltr'>eodem</span> <span class='ocrx_word' id='word_1_31' title='bbox 975 949 1424 1060; x_wconf 90' lang='lat' dir='ltr'>temporis&#39;intervallo,</span> <span class='ocrx_word' id='word_1_32' title='bbox 1456 968 1592 1032; x_wconf 87' lang='lat' dir='ltr'>motus</span> <span class='ocrx_word' id='word_1_33' title='bbox 1613 947 1753 1032; x_wconf 75' lang='lat' dir='ltr'>similes</span> <span class='ocrx_word' id='word_1_34' title='bbox 1777 947 1821 1034; x_wconf 88' lang='lat'>&amp;</span> <span class='ocrx_word' id='word_1_35' title='bbox 1846 950 2036 1060; x_wconf 81' lang='lat' dir='ltr'>aequales.</span> 
     </span>
     <span class='ocr_line' id='line_1_8' title="bbox 467 1072 2035 1186; baseline 0.001 -31"><span class='ocrx_word' id='word_1_36' title='bbox 467 1073 516 1156; x_wconf 89' lang='lat' dir='ltr'>ad</span> <span class='ocrx_word' id='word_1_37' title='bbox 537 1075 710 1186; x_wconf 76' lang='lat' dir='ltr'>aequales</span> <span class='ocrx_word' id='word_1_38' title='bbox 740 1072 898 1185; x_wconf 87' lang='lat' dir='ltr'><strong>semper</strong></span> <span class='ocrx_word' id='word_1_39' title='bbox 921 1101 943 1156; x_wconf 90' lang='lat' dir='ltr'>a</span> <span class='ocrx_word' id='word_1_40' title='bbox 965 1072 1004 1155; x_wconf 92' lang='lat' dir='ltr'>se</span> <span class='ocrx_word' id='word_1_41' title='bbox 1032 1073 1249 1171; x_wconf 86' lang='lat' dir='ltr'>dillantias,</span> <span class='ocrx_word' id='word_1_42' title='bbox 1277 1072 1409 1157; x_wconf 91' lang='lat' dir='ltr'>ubivis</span> <span class='ocrx_word' id='word_1_43' title='bbox 1431 1073 1473 1157; x_wconf 94' lang='lat' dir='ltr'>in</span> <span class='ocrx_word' id='word_1_44' title='bbox 1499 1072 1627 1157; x_wconf 88' lang='lat' dir='ltr'>fluido</span> <span class='ocrx_word' id='word_1_45' title='bbox 1654 1073 1909 1169; x_wconf 82' lang='lat' dir='ltr'>constitutus,</span> <span class='ocrx_word' id='word_1_46' title='bbox 1937 1099 2035 1184; x_wconf 91' lang='lat' dir='ltr'>pro-</span> 
     </span>
     <span class='ocr_line' id='line_1_9' title="bbox 463 1195 2034 1310; baseline 0 -28"><span class='ocrx_word' id='word_1_47' title='bbox 463 1224 610 1309; x_wconf 86' lang='lat' dir='ltr'>pagare</span> <span class='ocrx_word' id='word_1_48' title='bbox 630 1195 763 1310; x_wconf 89' lang='lat' dir='ltr'>pollit.</span> <span class='ocrx_word' id='word_1_49' title='bbox 808 1195 1006 1282; x_wconf 60' lang='lat' dir='ltr'>:Conatur</span> <span class='ocrx_word' id='word_1_50' title='bbox 1024 1196 1193 1310; x_wconf 91' lang='lat' dir='ltr'>quidem</span> <span class='ocrx_word' id='word_1_51' title='bbox 1213 1199 1379 1282; x_wconf 86' lang='lat' dir='ltr'>materia</span> <span class='ocrx_word' id='word_1_52' title='bbox 1394 1223 1470 1309; x_wconf 86' lang='lat' dir='ltr'>per</span> <span class='ocrx_word' id='word_1_53' title='bbox 1484 1218 1646 1288; x_wconf 89' lang='lat' dir='ltr'>motum</span> <span class='ocrx_word' id='word_1_54' title='bbox 1659 1197 1772 1283; x_wconf 89' lang='lat' dir='ltr'>suum</span> <span class='ocrx_word' id='word_1_55' title='bbox 1791 1200 2034 1282; x_wconf 82' lang='lat' dir='ltr'>circularem</span> 
     </span>
     <span class='ocr_line' id='line_1_10' title="bbox 465 1319 2034 1432; baseline -0.001 -24"><span class='ocrx_word' id='word_1_56' title='bbox 465 1325 661 1412; x_wconf 88' lang='lat' dir='ltr'>recedere</span> <span class='ocrx_word' id='word_1_57' title='bbox 683 1321 732 1407; x_wconf 90' lang='lat' dir='ltr'>ab</span> <span class='ocrx_word' id='word_1_58' title='bbox 750 1345 826 1405; x_wconf 86' lang='lat' dir='ltr'>axe</span> <span class='ocrx_word' id='word_1_59' title='bbox 843 1321 1025 1421; x_wconf 85' lang='lat' dir='ltr'>vorticis,</span> <span class='ocrx_word' id='word_1_60' title='bbox 1055 1319 1098 1402; x_wconf 77' lang='grc' dir='ltr'>δι</span> <span class='ocrx_word' id='word_1_61' title='bbox 1119 1340 1338 1432; x_wconf 88' lang='lat' dir='ltr'>propterea</span> <span class='ocrx_word' id='word_1_62' title='bbox 1366 1322 1516 1432; x_wconf 90' lang='lat' dir='ltr'>premit</span> <span class='ocrx_word' id='word_1_63' title='bbox 1545 1322 1755 1408; x_wconf 85' lang='lat' dir='ltr'>materiam</span> <span class='ocrx_word' id='word_1_64' title='bbox 1786 1345 1957 1407; x_wconf 84' lang='lat' dir='ltr'>omnem</span> <span class='ocrx_word' id='word_1_65' title='bbox 1976 1326 2034 1407; x_wconf 89' lang='lat' dir='ltr'>ul-</span> 
     </span>
     <span class='ocr_line' id='line_1_11' title="bbox 465 1441 2036 1556; baseline 0.001 -26"><span class='ocrx_word' id='word_1_66' title='bbox 465 1447 672 1530; x_wconf 89' lang='lat' dir='ltr'>teriorem.</span> <span class='ocrx_word' id='word_1_67' title='bbox 724 1441 796 1530; x_wconf 86' lang='lat' dir='ltr'>Ex</span> <span class='ocrx_word' id='word_1_68' title='bbox 819 1443 892 1526; x_wconf 89' lang='lat' dir='ltr'>bac</span> <span class='ocrx_word' id='word_1_69' title='bbox 918 1441 1125 1555; x_wconf 79' lang='lat' dir='ltr'>pressione</span> <span class='ocrx_word' id='word_1_70' title='bbox 1141 1441 1188 1527; x_wconf 90' lang='lat' dir='ltr'>fit</span> <span class='ocrx_word' id='word_1_71' title='bbox 1215 1445 1374 1528; x_wconf 87' lang='lat' dir='ltr'>attritus</span> <span class='ocrx_word' id='word_1_72' title='bbox 1396 1451 1572 1556; x_wconf 88' lang='lat' dir='ltr'>partium</span> <span class='ocrx_word' id='word_1_73' title='bbox 1594 1445 1741 1530; x_wconf 90' lang='lat' dir='ltr'>sortior</span> <span class='ocrx_word' id='word_1_74' title='bbox 1767 1443 1810 1528; x_wconf 75' lang='grc' dir='ltr'>δι</span> <span class='ocrx_word' id='word_1_75' title='bbox 1835 1443 2036 1556; x_wconf 81' lang='lat' dir='ltr'>separatio</span> 
     </span>
     <span class='ocr_line' id='line_1_12' title="bbox 461 1564 2035 1682; baseline 0.001 -26"><span class='ocrx_word' id='word_1_76' title='bbox 461 1573 514 1656; x_wconf 90' lang='lat' dir='ltr'>ab</span> <span class='ocrx_word' id='word_1_77' title='bbox 540 1573 718 1656; x_wconf 91' lang='lat' dir='ltr'>invicem</span> <span class='ocrx_word' id='word_1_78' title='bbox 747 1564 986 1665; x_wconf 83' lang='lat' dir='ltr'>difficilior;</span> <span class='ocrx_word' id='word_1_79' title='bbox 1030 1567 1073 1650; x_wconf 76' lang='grc' dir='ltr'>δι</span> <span class='ocrx_word' id='word_1_80' title='bbox 1096 1593 1170 1680; x_wconf 91' lang='lat' dir='ltr'>per</span> <span class='ocrx_word' id='word_1_81' title='bbox 1192 1567 1442 1682; x_wconf 89' lang='lat' dir='ltr'>consequens</span> <span class='ocrx_word' id='word_1_82' title='bbox 1469 1569 1710 1654; x_wconf 83' lang='lat' dir='ltr'>diminuitur</span> <span class='ocrx_word' id='word_1_83' title='bbox 1737 1570 1915 1654; x_wconf 72' lang='lat' dir='ltr'>materie</span> <span class='ocrx_word' id='word_1_84' title='bbox 1938 1570 2035 1657; x_wconf 77' lang='lat' dir='ltr'>flui-</span> 
     </span>
     <span class='ocr_line' id='line_1_13' title="bbox 466 1690 2033 1804; baseline -0.001 -22"><span class='ocrx_word' id='word_1_85' title='bbox 466 1697 582 1784; x_wconf 87' lang='lat' dir='ltr'>ditas.</span> <span class='ocrx_word' id='word_1_86' title='bbox 619 1693 780 1780; x_wconf 85' lang='lat' dir='ltr'>Rursus</span> <span class='ocrx_word' id='word_1_87' title='bbox 799 1690 827 1776; x_wconf 86' lang='lat' dir='ltr'>fi</span> <span class='ocrx_word' id='word_1_88' title='bbox 850 1711 982 1803; x_wconf 88' lang='lat' dir='ltr'>partes</span> <span class='ocrx_word' id='word_1_89' title='bbox 1005 1691 1123 1777; x_wconf 89' lang='lat' dir='ltr'>fluidi</span> <span class='ocrx_word' id='word_1_90' title='bbox 1143 1692 1232 1778; x_wconf 88' lang='lat' dir='ltr'>sunt</span> <span class='ocrx_word' id='word_1_91' title='bbox 1251 1693 1398 1779; x_wconf 88' lang='lat' dir='ltr'>alicubi</span> <span class='ocrx_word' id='word_1_92' title='bbox 1422 1693 1630 1782; x_wconf 69' lang='lat' dir='ltr'>crassiores</span> <span class='ocrx_word' id='word_1_93' title='bbox 1648 1695 1717 1780; x_wconf 90' lang='lat' dir='ltr'>seu</span> <span class='ocrx_word' id='word_1_94' title='bbox 1737 1695 1920 1804; x_wconf 82' lang='lat' dir='ltr'>majores,</span> <span class='ocrx_word' id='word_1_95' title='bbox 1939 1693 2033 1780; x_wconf 86' lang='lat' dir='ltr'>flui-</span> 
     </span>
     <span class='ocr_line' id='line_1_14' title="bbox 466 1815 2032 1933; baseline -0.008 -25"><span class='ocrx_word' id='word_1_96' title='bbox 466 1823 571 1908; x_wconf 88' lang='lat' dir='ltr'>ditas</span> <span class='ocrx_word' id='word_1_97' title='bbox 590 1823 646 1907; x_wconf 91' lang='lat' dir='ltr'>ibi</span> <span class='ocrx_word' id='word_1_98' title='bbox 669 1820 803 1904; x_wconf 88' lang='lat' dir='ltr'>minor</span> <span class='ocrx_word' id='word_1_99' title='bbox 831 1817 923 1914; x_wconf 88' lang='lat' dir='ltr'>erit,</span> <span class='ocrx_word' id='word_1_100' title='bbox 951 1815 1005 1903; x_wconf 93' lang='lat' dir='ltr'>ob</span> <span class='ocrx_word' id='word_1_101' title='bbox 1036 1819 1247 1928; x_wconf 81' lang='lat' dir='ltr'>pauciores</span> <span class='ocrx_word' id='word_1_102' title='bbox 1273 1816 1505 1929; x_wconf 82' lang='lat' dir='ltr'>superficies</span> <span class='ocrx_word' id='word_1_103' title='bbox 1530 1821 1572 1904; x_wconf 91' lang='lat' dir='ltr'>in</span> <span class='ocrx_word' id='word_1_104' title='bbox 1598 1819 1744 1932; x_wconf 87' lang='lat' dir='ltr'>quibus</span> <span class='ocrx_word' id='word_1_105' title='bbox 1769 1840 1903 1930; x_wconf 83' lang='lat' dir='ltr'>partes</span> <span class='ocrx_word' id='word_1_106' title='bbox 1922 1821 2032 1933; x_wconf 86' lang='lat' dir='ltr'>sepa.</span> 
     </span>
     <span class='ocr_line' id='line_1_15' title="bbox 466 1939 2034 2049; baseline 0.004 -19"><span class='ocrx_word' id='word_1_107' title='bbox 466 1965 608 2030; x_wconf 88' lang='lat' dir='ltr'>rentur</span> <span class='ocrx_word' id='word_1_108' title='bbox 628 1945 678 2028; x_wconf 88' lang='lat' dir='ltr'>ab</span> <span class='ocrx_word' id='word_1_109' title='bbox 703 1941 890 2028; x_wconf 88' lang='lat' dir='ltr'>invicem.</span> <span class='ocrx_word' id='word_1_110' title='bbox 944 1939 990 2025; x_wconf 91' lang='lat' dir='ltr'>ln</span> <span class='ocrx_word' id='word_1_111' title='bbox 1004 1939 1232 2049; x_wconf 64' lang='lat' dir='ltr'>huiusmodi</span> <span class='ocrx_word' id='word_1_112' title='bbox 1251 1943 1401 2028; x_wconf 89' lang='lat' dir='ltr'>casrbus</span> <span class='ocrx_word' id='word_1_113' title='bbox 1421 1942 1682 2030; x_wconf 77' lang='lat' dir='ltr'>deficientem</span> <span class='ocrx_word' id='word_1_114' title='bbox 1699 1943 1950 2029; x_wconf 85' lang='lat' dir='ltr'>fluiditatem</span> <span class='ocrx_word' id='word_1_115' title='bbox 1970 1955 2034 2036; x_wconf 90' lang='lat' dir='ltr'>vel</span> 
     </span>
     <span class='ocr_line' id='line_1_16' title="bbox 467 2065 2033 2179; baseline -0.003 -25"><span class='ocrx_word' id='word_1_116' title='bbox 467 2070 698 2158; x_wconf 85' lang='lat' dir='ltr'>lubricitate</span> <span class='ocrx_word' id='word_1_117' title='bbox 715 2067 892 2179; x_wconf 87' lang='lat' dir='ltr'>partium</span> <span class='ocrx_word' id='word_1_118' title='bbox 913 2068 978 2152; x_wconf 88' lang='lat' dir='ltr'>vel</span> <span class='ocrx_word' id='word_1_119' title='bbox 1003 2067 1161 2158; x_wconf 89' lang='lat' dir='ltr'>lentore</span> <span class='ocrx_word' id='word_1_120' title='bbox 1188 2065 1312 2151; x_wconf 90' lang='lat' dir='ltr'>aliave</span> <span class='ocrx_word' id='word_1_121' title='bbox 1340 2066 1471 2179; x_wconf 86' lang='lat' dir='ltr'>aliqua</span> <span class='ocrx_word' id='word_1_122' title='bbox 1499 2067 1741 2156; x_wconf 85' lang='lat' dir='ltr'>conditione</span> <span class='ocrx_word' id='word_1_123' title='bbox 1768 2067 1923 2153; x_wconf 87' lang='lat' dir='ltr'>rellltui</span> <span class='ocrx_word' id='word_1_124' title='bbox 1940 2067 2033 2177; x_wconf 80' lang='lat' dir='ltr'>sup-</span> 
     </span>
     <span class='ocr_line' id='line_1_17' title="bbox 466 2189 2031 2310; baseline -0.003 -28"><span class='ocrx_word' id='word_1_125' title='bbox 466 2220 590 2310; x_wconf 90' lang='lat' dir='ltr'>pono.</span> <span class='ocrx_word' id='word_1_126' title='bbox 646 2189 747 2278; x_wconf 90' lang='lat' dir='ltr'>Hoc</span> <span class='ocrx_word' id='word_1_127' title='bbox 766 2192 838 2278; x_wconf 88' lang='lat' dir='ltr'>nisr</span> <span class='ocrx_word' id='word_1_128' title='bbox 858 2192 942 2290; x_wconf 86' lang='lat' dir='ltr'>fiat,</span> <span class='ocrx_word' id='word_1_129' title='bbox 970 2193 1137 2278; x_wconf 89' lang='lat' dir='ltr'>materia</span> <span class='ocrx_word' id='word_1_130' title='bbox 1166 2193 1237 2278; x_wconf 89' lang='lat' dir='ltr'>ubi</span> <span class='ocrx_word' id='word_1_131' title='bbox 1265 2192 1397 2276; x_wconf 91' lang='lat' dir='ltr'>minus</span> <span class='ocrx_word' id='word_1_132' title='bbox 1419 2191 1546 2277; x_wconf 84' lang='lat' dir='ltr'>fluida</span> <span class='ocrx_word' id='word_1_133' title='bbox 1570 2193 1630 2277; x_wconf 87' lang='lat' dir='ltr'>est</span> <span class='ocrx_word' id='word_1_134' title='bbox 1655 2193 1781 2303; x_wconf 86' lang='lat' dir='ltr'>magis</span> <span class='ocrx_word' id='word_1_135' title='bbox 1808 2193 2031 2278; x_wconf 80' lang='lat' dir='ltr'>cobaerebir</span> 
     </span>
    </p>
   </div>
   <div class='ocr_carea' id='block_1_6' title="bbox 323 2313 2030 2428">
    <p class='ocr_par' dir='ltr' id='par_1_6' title="bbox 323 2313 2030 2428">
     <span class='ocr_line' id='line_1_18' title="bbox 323 2313 2030 2428; baseline -0.001 -26"><span class='ocrx_word' id='word_1_136' title='bbox 323 2369 325 2374; x_wconf 93' lang='lat'>-</span> <span class='ocrx_word' id='word_1_137' title='bbox 459 2319 687 2428; x_wconf 86' lang='lat' dir='ltr'>&amp;segnior</span> <span class='ocrx_word' id='word_1_138' title='bbox 707 2317 799 2412; x_wconf 88' lang='lat' dir='ltr'>erit,</span> <span class='ocrx_word' id='word_1_139' title='bbox 826 2315 1007 2426; x_wconf 90' lang='lat' dir='ltr'>ideoque</span> <span class='ocrx_word' id='word_1_140' title='bbox 1027 2335 1187 2399; x_wconf 90' lang='lat' dir='ltr'>motum</span> <span class='ocrx_word' id='word_1_141' title='bbox 1215 2315 1367 2400; x_wconf 86' lang='lat' dir='ltr'>tardius</span> <span class='ocrx_word' id='word_1_142' title='bbox 1397 2317 1568 2428; x_wconf 89' lang='lat' dir='ltr'>recipiet</span> <span class='ocrx_word' id='word_1_143' title='bbox 1592 2313 1814 2424; x_wconf 85' lang='lat' dir='ltr'>&amp;longius</span> <span class='ocrx_word' id='word_1_144' title='bbox 1837 2339 2030 2426; x_wconf 81' lang='lat' dir='ltr'>propaga·</span> 
     </span>
    </p>
   </div>
   <div class='ocr_carea' id='block_1_7' title="bbox 456 2437 2034 3911">
    <p class='ocr_par' dir='ltr' id='par_1_7' title="bbox 456 2437 2034 3911">
     <span class='ocr_line' id='line_1_19' title="bbox 457 2437 2032 2558; baseline -0.004 -26"><span class='ocrx_word' id='word_1_145' title='bbox 457 2443 527 2533; x_wconf 79' lang='lat' dir='ltr'>bit</span> <span class='ocrx_word' id='word_1_146' title='bbox 545 2468 670 2558; x_wconf 86' lang='lat' dir='ltr'>quam</span> <span class='ocrx_word' id='word_1_147' title='bbox 692 2464 771 2552; x_wconf 91' lang='lat' dir='ltr'>pro</span> <span class='ocrx_word' id='word_1_148' title='bbox 797 2439 955 2527; x_wconf 89' lang='lat' dir='ltr'>ratione</span> <span class='ocrx_word' id='word_1_149' title='bbox 971 2437 1151 2549; x_wconf 83' lang='lat' dir='ltr'>superius</span> <span class='ocrx_word' id='word_1_150' title='bbox 1169 2439 1368 2547; x_wconf 82' lang='lat' dir='ltr'>assrgnata.</span> <span class='ocrx_word' id='word_1_151' title='bbox 1425 2439 1466 2524; x_wconf 89' lang='lat' dir='ltr'>Si</span> <span class='ocrx_word' id='word_1_152' title='bbox 1480 2440 1607 2558; x_wconf 79' lang='lat' dir='ltr'>ligura</span> <span class='ocrx_word' id='word_1_153' title='bbox 1627 2439 1725 2524; x_wconf 79' lang='lat' dir='ltr'>vasta</span> <span class='ocrx_word' id='word_1_154' title='bbox 1742 2465 1822 2524; x_wconf 90' lang='lat' dir='ltr'>nou</span> <span class='ocrx_word' id='word_1_155' title='bbox 1840 2439 1889 2522; x_wconf 82' lang='lat' dir='ltr'>fit</span> <span class='ocrx_word' id='word_1_156' title='bbox 1905 2439 2032 2550; x_wconf 79' lang='lat' dir='ltr'>spbae·</span> 
     </span>
     <span class='ocr_line' id='line_1_20' title="bbox 457 2561 2034 2678; baseline -0.001 -23"><span class='ocrx_word' id='word_1_157' title='bbox 457 2567 563 2667; x_wconf 85' lang='lat' dir='ltr'>rica,</span> <span class='ocrx_word' id='word_1_158' title='bbox 592 2563 866 2652; x_wconf 91' lang='lat' dir='ltr'>movebuntur</span> <span class='ocrx_word' id='word_1_159' title='bbox 888 2561 1097 2678; x_wconf 77' lang='lat' dir='ltr'>particule</span> <span class='ocrx_word' id='word_1_160' title='bbox 1116 2563 1158 2648; x_wconf 92' lang='lat' dir='ltr'>in</span> <span class='ocrx_word' id='word_1_161' title='bbox 1176 2561 1296 2650; x_wconf 83' lang='lat' dir='ltr'>lincis</span> <span class='ocrx_word' id='word_1_162' title='bbox 1311 2589 1397 2649; x_wconf 92' lang='lat' dir='ltr'>non</span> <span class='ocrx_word' id='word_1_163' title='bbox 1417 2563 1680 2650; x_wconf 82' lang='lat' dir='ltr'>circularibus</span> <span class='ocrx_word' id='word_1_164' title='bbox 1708 2563 1775 2648; x_wconf 90' lang='lat' dir='ltr'>sed</span> <span class='ocrx_word' id='word_1_165' title='bbox 1804 2565 2034 2653; x_wconf 87' lang='lat' dir='ltr'>conformi·</span> 
     </span>
     <span class='ocr_line' id='line_1_21' title="bbox 457 2683 2033 2800; baseline -0.003 -24"><span class='ocrx_word' id='word_1_166' title='bbox 457 2691 539 2782; x_wconf 85' lang='lat' dir='ltr'>bus</span> <span class='ocrx_word' id='word_1_167' title='bbox 567 2691 703 2776; x_wconf 86' lang='lat' dir='ltr'>eide-m</span> <span class='ocrx_word' id='word_1_168' title='bbox 741 2687 840 2792; x_wconf 88' lang='lat' dir='ltr'>vasrs</span> <span class='ocrx_word' id='word_1_169' title='bbox 871 2687 1025 2796; x_wconf 82' lang='lat' dir='ltr'>figurae,</span> <span class='ocrx_word' id='word_1_170' title='bbox 1061 2683 1104 2768; x_wconf 80' lang='lat' dir='ltr'>dt</span> <span class='ocrx_word' id='word_1_171' title='bbox 1138 2703 1321 2798; x_wconf 86' lang='lat' dir='ltr'>tempora</span> <span class='ocrx_word' id='word_1_172' title='bbox 1360 2687 1575 2800; x_wconf 79' lang='lat' dir='ltr'>periodica</span> <span class='ocrx_word' id='word_1_173' title='bbox 1604 2705 1724 2772; x_wconf 85' lang='lat' dir='ltr'>crunt</span> <span class='ocrx_word' id='word_1_174' title='bbox 1757 2705 1804 2768; x_wconf 90' lang='lat' dir='ltr'>ut</span> <span class='ocrx_word' id='word_1_175' title='bbox 1831 2685 2033 2798; x_wconf 85' lang='lat' dir='ltr'>quadrata</span> 
     </span>
     <span class='ocr_line' id='line_1_22' title="bbox 460 2808 2032 2922; baseline -0.001 -24"><span class='ocrx_word' id='word_1_176' title='bbox 460 2812 742 2898; x_wconf 85' lang='lat' dir='ltr'>mediocrium</span> <span class='ocrx_word' id='word_1_177' title='bbox 771 2808 1092 2906; x_wconf 81' lang='lat' dir='ltr'>distantiaruma</span> <span class='ocrx_word' id='word_1_178' title='bbox 1118 2827 1262 2892; x_wconf 89' lang='lat' dir='ltr'>centro</span> <span class='ocrx_word' id='word_1_179' title='bbox 1279 2813 1605 2922; x_wconf 79' lang='lat' dir='ltr'>quamproxime.</span> <span class='ocrx_word' id='word_1_180' title='bbox 1658 2809 1704 2896; x_wconf 88' lang='lat' dir='ltr'>ln</span> <span class='ocrx_word' id='word_1_181' title='bbox 1729 2810 1914 2922; x_wconf 85' lang='lat' dir='ltr'>partibus</span> <span class='ocrx_word' id='word_1_182' title='bbox 1929 2812 2032 2897; x_wconf 85' lang='lat' dir='ltr'>inter</span> 
     </span>
     <span class='ocr_line' id='line_1_23' title="bbox 457 2929 2032 3052; baseline 0.003 -34"><span class='ocrx_word' id='word_1_183' title='bbox 457 2955 652 3022; x_wconf 86' lang='lat' dir='ltr'>centrum</span> <span class='ocrx_word' id='word_1_184' title='bbox 666 2931 717 3016; x_wconf 40' lang='lat'>1&amp;</span> <span class='ocrx_word' id='word_1_185' title='bbox 737 2929 1123 3032; x_wconf 77' lang='lat' dir='ltr'>circumferentiam¹</span> <span class='ocrx_word' id='word_1_186' title='bbox 1145 2931 1216 3016; x_wconf 89' lang='lat' dir='ltr'>ubi</span> <span class='ocrx_word' id='word_1_187' title='bbox 1240 2933 1383 3017; x_wconf 83' lang='lat' dir='ltr'>latiora</span> <span class='ocrx_word' id='word_1_188' title='bbox 1405 2935 1494 3020; x_wconf 91' lang='lat' dir='ltr'>sunt</span> <span class='ocrx_word' id='word_1_189' title='bbox 1529 2937 1665 3052; x_wconf 85' lang='lat' dir='ltr'>spatia,</span> <span class='ocrx_word' id='word_1_190' title='bbox 1692 2935 1897 3020; x_wconf 73' lang='lat' dir='ltr'>tardiores</span> <span class='ocrx_word' id='word_1_191' title='bbox 1913 2958 2032 3023; x_wconf 85' lang='lat' dir='ltr'>eruat</span> 
     </span>
     <span class='ocr_line' id='line_1_24' title="bbox 460 3057 2033 3175; baseline -0.005 -21"><span class='ocrx_word' id='word_1_192' title='bbox 460 3083 616 3162; x_wconf 85' lang='lat' dir='ltr'>motus,</span> <span class='ocrx_word' id='word_1_193' title='bbox 636 3060 705 3146; x_wconf 91' lang='lat' dir='ltr'>ubi</span> <span class='ocrx_word' id='word_1_194' title='bbox 731 3057 961 3167; x_wconf 83' lang='lat' dir='ltr'>angustiora</span> <span class='ocrx_word' id='word_1_195' title='bbox 984 3057 1220 3158; x_wconf 77' lang='lat' dir='ltr'>velociores,</span> <span class='ocrx_word' id='word_1_196' title='bbox 1248 3085 1382 3173; x_wconf 89' lang='lat' dir='ltr'>neque</span> <span class='ocrx_word' id='word_1_197' title='bbox 1405 3081 1542 3172; x_wconf 88' lang='lat' dir='ltr'>tamen</span> <span class='ocrx_word' id='word_1_198' title='bbox 1570 3063 1780 3175; x_wconf 71' lang='lat' dir='ltr'>particule</span> <span class='ocrx_word' id='word_1_199' title='bbox 1809 3061 2033 3162; x_wconf 63' lang='lat' dir='ltr'>velociores</span> 
     </span>
     <span class='ocr_line' id='line_1_25' title="bbox 464 3180 2032 3304; baseline -0.004 -30"><span class='ocrx_word' id='word_1_200' title='bbox 464 3207 607 3304; x_wconf 90' lang='lat' dir='ltr'>petent</span> <span class='ocrx_word' id='word_1_201' title='bbox 626 3180 1014 3295; x_wconf 78' lang='lat' dir='ltr'>circumferentiam.</span> <span class='ocrx_word' id='word_1_202' title='bbox 1070 3183 1205 3267; x_wconf 87' lang='lat' dir='ltr'>Arcus</span> <span class='ocrx_word' id='word_1_203' title='bbox 1231 3183 1342 3267; x_wconf 88' lang='lat' dir='ltr'>enim</span> <span class='ocrx_word' id='word_1_204' title='bbox 1371 3184 1601 3270; x_wconf 83' lang='lat' dir='ltr'>describent</span> <span class='ocrx_word' id='word_1_205' title='bbox 1635 3185 1771 3270; x_wconf 90' lang='lat' dir='ltr'>minus</span> <span class='ocrx_word' id='word_1_206' title='bbox 1803 3209 1961 3282; x_wconf 83' lang='lat' dir='ltr'>curvos,</span> <span class='ocrx_word' id='word_1_207' title='bbox 1986 3183 2032 3268; x_wconf 87' lang='lat'>&amp;</span> 
     </span>
     <span class='ocr_line' id='line_1_26' title="bbox 457 3305 2031 3420; baseline -0.005 -20"><span class='ocrx_word' id='word_1_208' title='bbox 457 3333 634 3402; x_wconf 80' lang='lat' dir='ltr'>conatus</span> <span class='ocrx_word' id='word_1_209' title='bbox 654 3307 919 3394; x_wconf 86' lang='lat' dir='ltr'>recedendi-a</span> <span class='ocrx_word' id='word_1_210' title='bbox 936 3324 1082 3392; x_wconf 89' lang='lat' dir='ltr'>centro</span> <span class='ocrx_word' id='word_1_211' title='bbox 1100 3331 1184 3392; x_wconf 94' lang='lat' dir='ltr'>non</span> <span class='ocrx_word' id='word_1_212' title='bbox 1205 3305 1340 3410; x_wconf 88' lang='lat' dir='ltr'>minus</span> <span class='ocrx_word' id='word_1_213' title='bbox 1357 3307 1610 3396; x_wconf 82' lang='lat' dir='ltr'>diminuetur</span> <span class='ocrx_word' id='word_1_214' title='bbox 1630 3333 1704 3420; x_wconf 90' lang='lat' dir='ltr'>per</span> <span class='ocrx_word' id='word_1_215' title='bbox 1720 3309 2031 3394; x_wconf 78' lang='lat' dir='ltr'>decrementum</span> 
     </span>
     <span class='ocr_line' id='line_1_27' title="bbox 458 3429 2031 3550; baseline -0.003 -29"><span class='ocrx_word' id='word_1_216' title='bbox 458 3436 580 3550; x_wconf 73' lang='lat' dir='ltr'>liujus</span> <span class='ocrx_word' id='word_1_217' title='bbox 604 3453 848 3532; x_wconf 80' lang='lat' dir='ltr'>curvaturae,</span> <span class='ocrx_word' id='word_1_218' title='bbox 875 3452 999 3542; x_wconf 87' lang='lat' dir='ltr'>quam</span> <span class='ocrx_word' id='word_1_219' title='bbox 1019 3429 1232 3546; x_wconf 83' lang='lat' dir='ltr'>augebitur</span> <span class='ocrx_word' id='word_1_220' title='bbox 1251 3455 1329 3542; x_wconf 88' lang='lat' dir='ltr'>per</span> <span class='ocrx_word' id='word_1_221' title='bbox 1349 3433 1649 3520; x_wconf 86' lang='lat' dir='ltr'>incrementum</span> <span class='ocrx_word' id='word_1_222' title='bbox 1669 3432 1912 3520; x_wconf 83' lang='lat' dir='ltr'>velocitatis.</span> <span class='ocrx_word' id='word_1_223' title='bbox 1938 3433 2031 3518; x_wconf 86' lang='lat' dir='ltr'>Per·</span> 
     </span>
     <span class='ocr_line' id='line_1_28' title="bbox 457 3553 2033 3757; baseline -0.001 -112"><span class='ocrx_word' id='word_1_224' title='bbox 457 3561 602 3672; x_wconf 70' lang='lat' dir='ltr'>gendo</span> <span class='ocrx_word' id='word_1_225' title='bbox 622 3557 793 3668; x_wconf 88' lang='lat' dir='ltr'>aspariis</span> <span class='ocrx_word' id='word_1_226' title='bbox 813 3553 1109 3757; x_wconf 51' lang='lat' dir='ltr'>tlffffifflibus</span> <span class='ocrx_word' id='word_1_227' title='bbox 1133 3555 1176 3646; x_wconf 91' lang='lat' dir='ltr'>in</span> <span class='ocrx_word' id='word_1_228' title='bbox 1203 3557 1344 3640; x_wconf 81' lang='lat' dir='ltr'>latiora</span> <span class='ocrx_word' id='word_1_229' title='bbox 1366 3556 1564 3641; x_wconf 87' lang='lat' dir='ltr'>recedent</span> <span class='ocrx_word' id='word_1_230' title='bbox 1583 3557 1709 3672; x_wconf 83' lang='lat' dir='ltr'>paolo</span> <span class='ocrx_word' id='word_1_231' title='bbox 1725 3558 1922 3667; x_wconf 75' lang='lat' dir='ltr'>longiora</span> <span class='ocrx_word' id='word_1_232' title='bbox 1941 3583 2033 3643; x_wconf 75' lang='lat' dir='ltr'>cen</span> 
     </span>
     <span class='ocr_line' id='line_1_29' title="bbox 457 3675 2033 3790; baseline 0.003 -24"><span class='ocrx_word' id='word_1_233' title='bbox 457 3705 545 3777; x_wconf 86' lang='lat' dir='ltr'>tro,</span> <span class='ocrx_word' id='word_1_234' title='bbox 572 3679 642 3764; x_wconf 90' lang='lat' dir='ltr'>sed</span> <span class='ocrx_word' id='word_1_235' title='bbox 673 3679 750 3762; x_wconf 86' lang='lat' dir='ltr'>illo</span> <span class='ocrx_word' id='word_1_236' title='bbox 772 3695 931 3762; x_wconf 65' lang='lat' dir='ltr'>rece‘u</span> <span class='ocrx_word' id='word_1_237' title='bbox 956 3675 1210 3775; x_wconf 83' lang='lat' dir='ltr'>tardescent;</span> <span class='ocrx_word' id='word_1_238' title='bbox 1238 3675 1281 3759; x_wconf 75' lang='grc' dir='ltr'>δι</span> <span class='ocrx_word' id='word_1_239' title='bbox 1305 3676 1548 3762; x_wconf 88' lang='lat' dir='ltr'>accedendo</span> <span class='ocrx_word' id='word_1_240' title='bbox 1576 3679 1715 3790; x_wconf 77' lang='lat' dir='ltr'>polleo</span> <span class='ocrx_word' id='word_1_241' title='bbox 1743 3679 1797 3763; x_wconf 85' lang='lat' dir='ltr'>de</span> <span class='ocrx_word' id='word_1_242' title='bbox 1824 3678 2033 3770; x_wconf 79' lang='lat' dir='ltr'>latioribus</span> 
     </span>
     <span class='ocr_line' id='line_1_30' title="bbox 456 3797 2034 3911; baseline 0.001 -22"><span class='ocrx_word' id='word_1_243' title='bbox 456 3804 516 3892; x_wconf 79' lang='lat' dir='ltr'>ad</span> <span class='ocrx_word' id='word_1_244' title='bbox 535 3801 761 3910; x_wconf 80' lang='lat' dir='ltr'>angustiora</span> <span class='ocrx_word' id='word_1_245' title='bbox 789 3799 1136 3898; x_wconf 87' lang='lat' dir='ltr'>accelerabuntur,</span> <span class='ocrx_word' id='word_1_246' title='bbox 1165 3797 1206 3882; x_wconf 79' lang='lat' dir='ltr'>dt</span> <span class='ocrx_word' id='word_1_247' title='bbox 1234 3799 1288 3884; x_wconf 84' lang='lat' dir='ltr'>fic</span> <span class='ocrx_word' id='word_1_248' title='bbox 1318 3801 1523 3911; x_wconf 86' lang='lat' dir='ltr'>pervices</span> <span class='ocrx_word' id='word_1_249' title='bbox 1548 3803 1774 3888; x_wconf 87' lang='lat' dir='ltr'>tardescent</span> <span class='ocrx_word' id='word_1_250' title='bbox 1802 3800 1846 3882; x_wconf 83' lang='lat' dir='ltr'>dc</span> <span class='ocrx_word' id='word_1_251' title='bbox 1871 3806 2034 3890; x_wconf 83' lang='lat' dir='ltr'>accele-</span> 
     </span>
    </p>
   </div>
   <div class='ocr_carea' id='block_1_8' title="bbox 390 3915 2031 4040">
    <p class='ocr_par' dir='ltr' id='par_1_8' title="bbox 390 3915 2031 4040">
     <span class='ocr_line' id='line_1_31' title="bbox 390 3915 2031 4040; baseline -0.004 -23"><span class='ocrx_word' id='word_1_252' title='bbox 390 4031 392 4038; x_wconf 41' lang='grc'>,</span> <span class='ocrx_word' id='word_1_253' title='bbox 457 3926 658 4018; x_wconf 81' lang='lat' dir='ltr'>rabuntur</span> <span class='ocrx_word' id='word_1_254' title='bbox 687 3921 896 4040; x_wconf 75' lang='lat' dir='ltr'>particule</span> <span class='ocrx_word' id='word_1_255' title='bbox 919 3915 1082 4033; x_wconf 85' lang='lat' dir='ltr'>smgulae</span> <span class='ocrx_word' id='word_1_256' title='bbox 1106 3923 1147 4008; x_wconf 90' lang='lat' dir='ltr'>in</span> <span class='ocrx_word' id='word_1_257' title='bbox 1167 3943 1423 4034; x_wconf 86' lang='lat' dir='ltr'>perpetuum.</span> <span class='ocrx_word' id='word_1_258' title='bbox 1482 3921 1591 4009; x_wconf 83' lang='lat' dir='ltr'>Haec</span> <span class='ocrx_word' id='word_1_259' title='bbox 1620 3925 1677 4009; x_wconf 85' lang='lat' dir='ltr'>lta</span> <span class='ocrx_word' id='word_1_260' title='bbox 1696 3925 1733 4009; x_wconf 87' lang='lat' dir='ltr'>sc</span> <span class='ocrx_word' id='word_1_261' title='bbox 1759 3925 1973 4014; x_wconf 83' lang='lat' dir='ltr'>habebunt</span> <span class='ocrx_word' id='word_1_262' title='bbox 1993 3929 2031 4011; x_wconf 87' lang='lat' dir='ltr'>in</span> 
     </span>
    </p>
   </div>
   <div class='ocr_carea' id='block_1_9' title="bbox 457 4042 2154 4912">
    <p class='ocr_par' dir='ltr' id='par_1_9' title="bbox 458 4042 2033 4296">
     <span class='ocr_line' id='line_1_32' title="bbox 458 4042 2033 4160; baseline 0 -20"><span class='ocrx_word' id='word_1_263' title='bbox 458 4053 552 4144; x_wconf 87' lang='lat' dir='ltr'>vase</span> <span class='ocrx_word' id='word_1_264' title='bbox 577 4049 727 4160; x_wconf 83' lang='lat' dir='ltr'>rigido..</span> <span class='ocrx_word' id='word_1_265' title='bbox 784 4051 888 4134; x_wconf 88' lang='lat' dir='ltr'>Nam</span> <span class='ocrx_word' id='word_1_266' title='bbox 907 4048 950 4134; x_wconf 91' lang='lat' dir='ltr'>in</span> <span class='ocrx_word' id='word_1_267' title='bbox 977 4042 1109 4134; x_wconf 85' lang='lat' dir='ltr'>fluido</span> <span class='ocrx_word' id='word_1_268' title='bbox 1130 4045 1292 4133; x_wconf 83' lang='lat' dir='ltr'>infinito</span> <span class='ocrx_word' id='word_1_269' title='bbox 1316 4047 1555 4138; x_wconf 84' lang='lat' dir='ltr'>constitutio</span> <span class='ocrx_word' id='word_1_270' title='bbox 1582 4050 1791 4134; x_wconf 86' lang='lat' dir='ltr'>vorticum</span> <span class='ocrx_word' id='word_1_271' title='bbox 1817 4051 2033 4140; x_wconf 87' lang='lat' dir='ltr'>innotescit</span> 
     </span>
     <span class='ocr_line' id='line_1_33' title="bbox 462 4173 1457 4296; baseline -0.006 -32"><span class='ocrx_word' id='word_1_272' title='bbox 462 4209 536 4292; x_wconf 89' lang='lat' dir='ltr'>per</span> <span class='ocrx_word' id='word_1_273' title='bbox 558 4175 846 4296; x_wconf 86' lang='lat' dir='ltr'>propositioni-s</span> <span class='ocrx_word' id='word_1_274' title='bbox 872 4173 988 4284; x_wconf 89' lang='lat' dir='ltr'>hujus</span> <span class='ocrx_word' id='word_1_275' title='bbox 1006 4175 1270 4267; x_wconf 85' lang='lat' dir='ltr'>corollarium</span> <span class='ocrx_word' id='word_1_276' title='bbox 1287 4174 1457 4262; x_wconf 84' lang='lat' dir='ltr'>sextum.</span> 
     </span>
    </p>

    <p class='ocr_par' dir='ltr' id='par_1_10' title="bbox 457 4299 2154 4912">
     <span class='ocr_line' id='line_1_34' title="bbox 516 4299 2032 4414; baseline 0.001 -28"><span class='ocrx_word' id='word_1_277' title='bbox 516 4302 790 4414; x_wconf 86' lang='lat' dir='ltr'>Proprietates</span> <span class='ocrx_word' id='word_1_278' title='bbox 809 4317 946 4382; x_wconf 88' lang='lat' dir='ltr'>autem</span> <span class='ocrx_word' id='word_1_279' title='bbox 965 4299 1172 4384; x_wconf 88' lang='lat' dir='ltr'>vorticum</span> <span class='ocrx_word' id='word_1_280' title='bbox 1198 4300 1274 4383; x_wconf 88' lang='lat' dir='ltr'>hac</span> <span class='ocrx_word' id='word_1_281' title='bbox 1297 4299 1578 4412; x_wconf 79' lang='lat' dir='ltr'>propositione</span> <span class='ocrx_word' id='word_1_282' title='bbox 1596 4301 1836 4411; x_wconf 82' lang='lat' dir='ltr'>investigare</span> <span class='ocrx_word' id='word_1_283' title='bbox 1858 4321 2032 4388; x_wconf 84' lang='lat' dir='ltr'>conatus</span> 
     </span>
     <span class='ocr_line' id='line_1_35' title="bbox 461 4420 2032 4542; baseline -0.003 -26"><span class='ocrx_word' id='word_1_284' title='bbox 461 4429 568 4526; x_wconf 76' lang='lat' dir='ltr'>sum,</span> <span class='ocrx_word' id='word_1_285' title='bbox 590 4447 635 4510; x_wconf 90' lang='lat' dir='ltr'>ut</span> <span class='ocrx_word' id='word_1_286' title='bbox 666 4443 944 4542; x_wconf 89' lang='lat' dir='ltr'>pertentarem</span> <span class='ocrx_word' id='word_1_287' title='bbox 972 4420 1081 4535; x_wconf 90' lang='lat' dir='ltr'>srqua</span> <span class='ocrx_word' id='word_1_288' title='bbox 1110 4424 1267 4509; x_wconf 90' lang='lat' dir='ltr'>ratione</span> <span class='ocrx_word' id='word_1_289' title='bbox 1294 4425 1561 4536; x_wconf 83' lang='lat' dir='ltr'>phaenomena</span> <span class='ocrx_word' id='word_1_290' title='bbox 1593 4430 1777 4514; x_wconf 81' lang='lat' dir='ltr'>coelellia</span> <span class='ocrx_word' id='word_1_291' title='bbox 1809 4453 1879 4542; x_wconf 89' lang='lat' dir='ltr'>per</span> <span class='ocrx_word' id='word_1_292' title='bbox 1902 4429 2032 4516; x_wconf 84' lang='lat' dir='ltr'>vorti·</span> 
     </span>
     <span class='ocr_line' id='line_1_36' title="bbox 457 4543 2032 4666; baseline -0.004 -27"><span class='ocrx_word' id='word_1_293' title='bbox 457 4579 530 4640; x_wconf 83' lang='lat' dir='ltr'>ces</span> <span class='ocrx_word' id='word_1_294' title='bbox 549 4549 740 4666; x_wconf 85' lang='lat' dir='ltr'>explicari</span> <span class='ocrx_word' id='word_1_295' title='bbox 764 4543 925 4664; x_wconf 84' lang='lat' dir='ltr'>poffint.</span> <span class='ocrx_word' id='word_1_296' title='bbox 984 4548 1089 4650; x_wconf 81' lang='lat' dir='ltr'>Nam</span> <span class='ocrx_word' id='word_1_297' title='bbox 1109 4549 1410 4660; x_wconf 78' lang='lat' dir='ltr'>pbaenomenon</span> <span class='ocrx_word' id='word_1_298' title='bbox 1435 4549 1504 4646; x_wconf 89' lang='lat' dir='ltr'>ell,</span> <span class='ocrx_word' id='word_1_299' title='bbox 1531 4551 1646 4663; x_wconf 84' lang='lat' dir='ltr'>quod</span> <span class='ocrx_word' id='word_1_300' title='bbox 1676 4556 1933 4664; x_wconf 78' lang='lat' dir='ltr'>planetarum</span> <span class='ocrx_word' id='word_1_301' title='bbox 1953 4551 2032 4633; x_wconf 87' lang='lat' dir='ltr'>cir·</span> 
     </span>
     <span class='ocr_line' id='line_1_37' title="bbox 457 4669 2036 4787; baseline 0.001 -34"><span class='ocrx_word' id='word_1_302' title='bbox 457 4677 658 4785; x_wconf 86' lang='lat' dir='ltr'>.caj0vem</span> <span class='ocrx_word' id='word_1_303' title='bbox 678 4669 975 4754; x_wconf 88' lang='lat' dir='ltr'>revolventium</span> <span class='ocrx_word' id='word_1_304' title='bbox 991 4690 1179 4783; x_wconf 81' lang='lat' dir='ltr'>tempora</span> <span class='ocrx_word' id='word_1_305' title='bbox 1204 4672 1413 4783; x_wconf 82' lang='lat' dir='ltr'>periodica</span> <span class='ocrx_word' id='word_1_306' title='bbox 1436 4673 1524 4762; x_wconf 85' lang='lat' dir='ltr'>suut</span> <span class='ocrx_word' id='word_1_307' title='bbox 1539 4676 1581 4758; x_wconf 91' lang='lat' dir='ltr'>in</span> <span class='ocrx_word' id='word_1_308' title='bbox 1600 4676 1761 4762; x_wconf 84' lang='lat' dir='ltr'>ratione</span> <span class='ocrx_word' id='word_1_309' title='bbox 1782 4673 2036 4787; x_wconf 85' lang='lat' dir='ltr'>sesquiplica·</span> 
     </span>
     <span class='ocr_line' id='line_1_38' title="bbox 460 4789 2154 4912; baseline -0.002 -27"><span class='ocrx_word' id='word_1_310' title='bbox 460 4819 500 4885; x_wconf 88' lang='lat' dir='ltr'>ta</span> <span class='ocrx_word' id='word_1_311' title='bbox 526 4797 800 4882; x_wconf 84' lang='lat' dir='ltr'>distantiarum</span> <span class='ocrx_word' id='word_1_312' title='bbox 823 4822 845 4876; x_wconf 85' lang='lat' dir='ltr'>a</span> <span class='ocrx_word' id='word_1_313' title='bbox 871 4812 1015 4879; x_wconf 86' lang='lat' dir='ltr'>centro</span> <span class='ocrx_word' id='word_1_314' title='bbox 1039 4795 1172 4905; x_wconf 77' lang='lat' dir='ltr'>jovis3</span> <span class='ocrx_word' id='word_1_315' title='bbox 1204 4795 1246 4878; x_wconf 75' lang='lat' dir='ltr'>tc</span> <span class='ocrx_word' id='word_1_316' title='bbox 1276 4797 1420 4882; x_wconf 85' lang='lat' dir='ltr'>eadem</span> <span class='ocrx_word' id='word_1_317' title='bbox 1449 4801 1587 4908; x_wconf 86' lang='lat' dir='ltr'>regula</span> <span class='ocrx_word' id='word_1_318' title='bbox 1611 4801 1836 4886; x_wconf 78' lang='lat' dir='ltr'>obtineam</span> <span class='ocrx_word' id='word_1_319' title='bbox 1861 4797 2035 4912; x_wconf 84' lang='lat' dir='ltr'>planetis</span> <span class='ocrx_word' id='word_1_320' title='bbox 2153 4789 2154 4792; x_wconf 5' lang='grc' dir='ltr'>Ὺ</span> 
     </span>
    </p>
   </div>
   <div class='ocr_carea' id='block_1_10' title="bbox 458 4919 2038 5132">
    <p class='ocr_par' dir='ltr' id='par_1_11' title="bbox 458 4919 2038 5132">
     <span class='ocr_line' id='line_1_39' title="bbox 458 4919 2036 5044; baseline -0.004 -32"><span class='ocrx_word' id='word_1_321' title='bbox 458 4925 533 5044; x_wconf 85' lang='lat' dir='ltr'>qui</span> <span class='ocrx_word' id='word_1_322' title='bbox 553 4923 661 5012; x_wconf 85' lang='lat' dir='ltr'>circa</span> <span class='ocrx_word' id='word_1_323' title='bbox 688 4921 813 5006; x_wconf 91' lang='lat' dir='ltr'>solem</span> <span class='ocrx_word' id='word_1_324' title='bbox 842 4921 1119 5008; x_wconf 90' lang='lat' dir='ltr'>revolvuntur.</span> <span class='ocrx_word' id='word_1_325' title='bbox 1175 4919 1378 5007; x_wconf 84' lang='lat' dir='ltr'>Obtlnent</span> <span class='ocrx_word' id='word_1_326' title='bbox 1403 4947 1539 5008; x_wconf 88' lang='lat' dir='ltr'>autem</span> <span class='ocrx_word' id='word_1_327' title='bbox 1567 4927 1630 5008; x_wconf 85' lang='lat' dir='ltr'>hae</span> <span class='ocrx_word' id='word_1_328' title='bbox 1659 4927 1810 5036; x_wconf 83' lang='lat' dir='ltr'>regulae</span> <span class='ocrx_word' id='word_1_329' title='bbox 1829 4923 1870 5010; x_wconf 93' lang='lat' dir='ltr'>in</span> <span class='ocrx_word' id='word_1_330' title='bbox 1893 4923 2036 5036; x_wconf 87' lang='lat' dir='ltr'>plane-</span> 
     </span>
     <span class='ocr_line' id='line_1_40' title="bbox 1881 5064 2038 5132; baseline -0.032 0"><span class='ocrx_word' id='word_1_331' title='bbox 1881 5123 1884 5132; x_wconf 90' lang='lat'><em>.</em></span> <span class='ocrx_word' id='word_1_332' title='bbox 1977 5064 2038 5128; x_wconf 85' lang='lat' dir='ltr'>trs</span> 
     </span>
    </p>
   </div>
   <div class='ocr_carea' id='block_1_11' title="bbox 0 0 2180 5646">
    <p class='ocr_par' dir='ltr' id='par_1_12' title="bbox 0 0 2180 5646">
     <span class='ocr_line' id='line_1_41' title="bbox 0 0 2180 5646; baseline 0 0"><span class='ocrx_word' id='word_1_333' title='bbox 0 0 2180 5646; x_wconf 95' lang='lat' dir='ltr'> </span> 
     </span>
    </p>
   </div>
  </div>
 </body>
</html>
