4338 5656
422 243 823 342 PRINCIPIA
858 237 1452 340 MATHEMATICA.
1654 273 1748 370 515

195 413 404 501 v‘ebuntur
425 411 535 496 circa
559 411 685 496 solem
714 407 756 495 in
791 406 992 520 ellipsrbus
1017 432 1095 519 pro
1124 435 1242 494 more
1266 411 1460 522 capitum,
1501 407 1544 494 dc
1573 433 1647 520 per
1674 409 1943 554 mol.le

196 559 284 624 tum
309 539 421 622 illum
449 536 581 647 capita
606 536 764 646 semper
789 533 1097 618 comitabuntur
1124 534 1168 617 dc
1190 534 1238 618 iis
1254 533 1463 620 liberrime
1482 534 1782 621 adhaerebunt
1814 509 1970 560 ΝΜ

197 661 386 748 Gravitas
411 663 522 748 enim
542 687 740 773 vaporum
760 660 801 744 in
819 658 946 744 solem
963 682 1048 743 nott
1066 658 1192 768 magis
1213 653 1370 746 efficiet
1394 677 1441 747 ut
1464 661 1606 748 caudae
1626 662 1762 774 postea

195 783 389 872 decidant
416 812 440 870 a
463 786 662 898 capitibus
686 784 812 870 solem
843 781 994 879 versus,
1035 807 1158 894 quam
1185 784 1358 892 gravitas
1386 786 1566 898 capitum
1593 785 1763 875 efficere

194 909 333 1022 possit,
363 930 410 995 ut
437 913 523 996 haec
545 911 740 998 decidant
767 909 960 996 acaudis.
1016 907 1243 994 Communi
1270 910 1469 1018 gravitate
1490 912 1555 998 vel
1581 911 1696 1000 simul
1721 916 1766 1002 in

195 1035 321 1122 solem
348 1035 511 1130 cadent,
543 1036 609 1120 vel
633 1035 748 1121 srmul
768 1037 811 1120 in
832 1031 993 1120 ascensu
1011 1031 1084 1116 suo
1109 1030 1448 1132 retardabuntur;
1477 1034 1657 1150 ideoque
1677 1061 1767 1149 gra·

196 1158 299 1244 vitas
324 1161 389 1246 illa
407 1188 491 1247 non
506 1162 698 1273 impedit,
724 1183 810 1271 quo
829 1159 962 1244 minus
981 1154 1125 1242 caudae
1143 1155 1186 1240 dc
1208 1159 1340 1271 capita
1361 1157 1607 1270 pofitiouem
1623 1187 1767 1277 quam·

197 1308 362 1396 cunque
387 1285 439 1370 ad
466 1288 645 1372 invicem
671 1311 694 1368 a
723 1282 846 1368 causis
875 1281 959 1391 jam
985 1279 1210 1393 descriptis,
1248 1300 1316 1368 aut
1348 1282 1432 1370 aliis
1461 1284 1768 1404 quibuscunque

197 1405 389 1493 facillime
409 1410 611 1520 accipiant
638 1407 683 1494 δι
701 1405 838 1519 postea
866 1406 1074 1492 liberrime
1098 1403 1271 1492 servent.

252 1533 404 1620 Caudae
424 1533 561 1644 igitur,
581 1560 676 1646 quae
697 1534 739 1617 in
757 1554 1014 1616 cometarum
1038 1533 1243 1644 periheliis
1264 1531 1498 1636 nascuntur,
1521 1536 1564 1624 in
1581 1539 1771 1648 regiones

196 1662 437 1774 longinquas
462 1685 727 1746 cumeorum
755 1658 954 1766 capitibus
979 1657 1165 1756 abibunt,
1202 1657 1246 1744 dc
1272 1662 1337 1745 vel
1365 1659 1462 1744 inde
1491 1663 1580 1774 post
1605 1667 1772 1775 longam

199 1812 401 1873 annorum
419 1786 564 1872 seriem
583 1813 679 1870 cum
695 1786 839 1871 iisdem
859 1784 910 1870 ad
933 1811 1007 1871 nos
1022 1785 1229 1884 redibunt,
1250 1787 1314 1872 vel
1333 1791 1469 1898 potius
1489 1789 1546 1874 ibi
1566 1791 1772 1876 raresadae
1843 1789 1848 1798 '

199 1911 393 2026 paulatim
421 1911 675 1998 evanescent.
731 1912 838 1996 Nam
869 1910 1005 2022 postca
1040 1911 1083 1996 in
1123 1911 1317 1996 descensu
1350 1917 1531 2024 capitum
1559 1915 1612 2002 ad
1642 1917 1771 2002 solem

199 2039 342 2124 caudae
359 2055 480 2125 'novae
498 2037 763 2124 breviusculoe
780 2039 893 2124 lento
914 2057 1032 2121 motu
1053 2064 1073 2120 a
1094 2036 1294 2148 capitibus
1312 2043 1527 2150 propagari
1546 2041 1774 2147 debebunt,

199 2165 243 2249 dc
263 2165 433 2250 subinde
461 2168 503 2250 in
529 2165 732 2275 periheliis
748 2183 1007 2249 cometarum
1027 2163 1292 2274 illorum,qui
1314 2163 1509 2278 adusque
1528 2167 1772 2278 atmosphae·

200 2319 287 2376 ram
307 2292 398 2375 solis
426 2290 695 2384 descendunt,
722 2290 766 2372 in
793 2289 1036 2373 immensum
1064 2289 1215 2396 augeri.
1273 2285 1415 2399 Vapor
1436 2293 1546 2376 enim
1569 2295 1612 2380 in
1637 2293 1773 2405 spatiis

200 2415 276 2501 illis
295 2416 511 2501 liberrimis
533 2433 736 2525 perpetuo
756 2415 920 2500 rarescit
944 2439 993 2497 ac
1017 2414 1219 2500 dilatatur.
1253 2411 1349 2523 Qua
1366 2416 1524 2502 ratione
1545 2417 1592 2502 fit
1613 2439 1660 2502 ut
1680 2447 1774 2508 cau·

201 2540 255 2628 da
277 2540 410 2626 omnis
434 2541 489 2626 ad
516 2541 821 2626 extremitatem
852 2537 1103 2650 superiorem
1134 2539 1253 2623 latior
1281 2537 1328 2622 stt
1354 2566 1480 2652 quam
1507 2531 1630 2651 juxta
1651 2565 1774 2656 caput

202 2689 390 2754 cometae.
445 2663 508 2752 Ea
532 2687 671 2752 autem
704 2663 971 2751 rarefaslione
998 2690 1195 2775 vaporem
1226 2685 1428 2774 perpetuo
1456 2667 1670 2759 dilatatum
1693 2670 1775 2758 dis·

201 2793 322 2880 fundi
340 2790 507 2878 tandem
526 2789 720 2901 &spargi
741 2815 815 2900 per
842 2791 973 2874 coelos
993 2788 1218 2887 universos,
1243 2788 1396 2876 deinde
1418 2792 1609 2904 paulatim
1630 2795 1673 2882 in
1692 2795 1776 2908 pla·

201 2941 317 3010 netas
340 2946 412 3033 per
439 2919 682 3029 gravitatem
701 2915 813 3002 suam
839 2916 1001 3014 attrahi,
1028 2915 1072 2999 dt
1095 2941 1192 3000 cum
1213 2941 1359 3001 eorum
1378 2919 1655 3033 atmosphaeris
1680 2919 1776 3006 mis-

202 3047 291 3133 ceri
316 3046 466 3128 rationi
486 3041 804 3126 consentaneum
830 3041 1004 3122 videtur.
1062 3040 1171 3124 Nam
1197 3039 1551 3149 quemadmodum
1577 3047 1702 3132 maria
1722 3047 1777 3134 ad

202 3166 536 3256 constitutionem
556 3184 678 3250 terrae
699 3161 816 3270 hujus
839 3164 1010 3248 omnino
1035 3165 1315 3276 requiruntur,
1340 3164 1467 3278 idque
1490 3185 1537 3252 ut
1554 3195 1608 3254 ex
1630 3170 1679 3255 iis
1700 3196 1776 3282 per

203 3297 382 3380 calorem
402 3291 492 3376 solis
511 3315 682 3400 vapores
701 3288 867 3397 copiose
886 3288 974 3373 satis
992 3291 1238 3386 excitentur,
1257 3291 1329 3402 qui
1349 3293 1413 3374 vel
1434 3294 1476 3375 in
1498 3293 1626 3378 nubes
1645 3295 1778 3380 coasli

205 3418 397 3506 decidant
424 3419 466 3502 in
488 3417 650 3525 pluviis,
676 3414 721 3498 dc
748 3435 899 3499 terram
928 3437 1096 3498 omnem
1132 3414 1183 3498 ad
1210 3415 1542 3526 procreationem
1569 3421 1776 3526 vegetabi-

204 3546 305 3632 lium
323 3542 494 3652 irrigent
515 3540 557 3623 dc
576 3541 757 3625 nutriant
773 3577 784 3636 ;
805 3527 930 3623 veliti
948 3538 1108 3648 frigidis
1127 3543 1332 3628 montium
1353 3543 1575 3628 verticibus
1594 3546 1778 3634 conden-

204 3673 278 3760 sati
310 3673 378 3774 (ut
405 3667 529 3782 aliqui
555 3695 651 3753 cum
684 3668 842 3780 ratione
873 3665 1232 3782 philosophantur)
1259 3668 1476 3756 decurrant
1503 3671 1546 3756 in
1568 3669 1702 3758 sontes
1730 3671 1776 3758 dc

205 3799 402 3886 flumina:
431 3795 484 3884 fic
504 3796 557 3882 ad
579 3791 931 3880 conservationem
952 3797 1124 3880 marium
1143 3795 1426 3880 &humorum
1447 3796 1490 3881 in
1514 3793 1682 3906 planetis
1712 3825 1775 3894 re·

205 3925 314 4035 quiri
335 3922 526 4008 videntur
549 3939 738 4018 cometae,
767 3949 820 4008 ex
835 3945 1014 4033 quorum
1035 3921 1355 4005 exhalationibus
1377 3918 1656 4030 &vaporibus
1677 3951 1777 4012 con.

205 4047 394 4142 densatis,
420 4047 619 4158 quicquid
639 4045 807 4156 liquoris
827 4073 899 4157 per
918 4048 1221 4153 vegetationem
1250 4043 1294 4128 &
1315 4046 1656 4158 putresaslionem
1676 4074 1777 4136 con·

205 4174 376 4261 sumitur
398 4169 440 4254 &
457 4173 500 4254 in
526 4193 676 4254 terram
700 4171 856 4257 aridam
878 4173 1147 4270 convertitur,
1176 4174 1376 4258 continuo
1397 4173 1572 4284 suppleri
1600 4171 1778 4265 &refici

207 4299 343 4416 possit.
398 4296 505 4382 Nam
529 4295 767 4405 vegetabilia
788 4297 926 4382 omnia
950 4326 1003 4384 ex
1022 4299 1244 4412 liquoribus
1268 4299 1439 4384 omnino
1458 4300 1659 4396 crescunt,
1677 4302 1776 4388 dein
1912 4343 1919 4356 ·

207 4451 354 4537 magna
378 4449 432 4508 ex
451 4443 565 4533 parte
584 4424 626 4508 in
650 4441 798 4506 terram
826 4423 981 4508 aridam
1007 4451 1080 4536 per
1107 4424 1445 4534 putresaslionem
1468 4426 1632 4526 abeunt,
1662 4427 1706 4510 dc
1732 4428 1777 4513 li·

209 4575 298 4636 mus
323 4577 377 4634 ex
404 4547 628 4662 liquoribus
653 4545 887 4659 putrefasiis
917 4569 1119 4662 perpetuo
1149 4550 1319 4634 decidit.
1374 4548 1490 4636 Hinc
1510 4555 1637 4638 moles
1659 4573 1778 4636 terrae

209 4675 333 4762 aridae
358 4677 487 4760 indies
511 4696 693 4782 augetur,
721 4673 763 4757 &
784 4675 975 4789 liquores,
1001 4675 1072 4762 nist
1094 4677 1256 4763 aliunde
1278 4701 1540 4787 augmentum
1558 4681 1780 4790 sumerent,

208 4819 412 4912 perpetuo
433 4797 668 4880 decrescere
691 4797 901 4896 deberent,
931 4829 976 4886 ac
1015 4801 1181 4886 tandem
1199 4802 1388 4888 deficere.
1444 4803 1575 4888 Porro
1596 4801 1778 4914 suspicor

209 4926 399 5039 spiritum
427 4922 556 5020 illum,
590 4925 662 5036 qui
687 4925 789 5010 acris
820 4926 945 5012 nostri
972 4955 1063 5038 pars
1077 4927 1251 5016 minima
1281 4928 1338 5014 cll
1361 4929 1432 5014 sed
1455 4924 1704 5015 subtilissima
1732 4923 1777 5010 dc

958 5049 1086 5138 Uuu
1105 5081 1130 5132 2
1601 5051 1772 5166 optima,
