4344 5648
232 577 363 640 eornm

444 309 544 444 ιιι
700 305 1233 406 ιιιιιοεοιιιιιι
1279 301 1745 404 naturantis·

231 496 286 556 De
300 493 361 552 Μο
371 508 418 551 τι
443 481 592 569 dubito
613 481 714 620 quin
733 481 872 590 regula
893 479 1006 564 allata
1025 474 1115 561 satis
1134 495 1324 562 accurate
1342 477 1552 562 obtineat:
1590 475 1816 588 praelertitn
1844 477 2030 594 srexpe
2159 515 2160 574 ι

368 590 618 692 ωἰἰιιιειιιιι
636 607 680 690 in
707 601 950 718 corporibus
975 597 1162 713 pendulis
1190 597 1234 682 &
1258 597 1476 710 majoribus
1501 595 1546 682 dc
1567 599 1748 684 velocius
1768 601 1891 686 motis
1910 605 2020 693 insti*
2160 632 2161 642 ¹

444 747 622 834 tuantur.

496 853 693 967 Denique
706 838 801 938 cum
814 848 1103 938 nonnullorum
1119 847 1260 960 opinio
1280 846 1342 946 ιιι,
1358 847 1542 932 medium
1560 845 1771 964 quoddam
1788 851 2018 942 aetliereum

445 977 946 1090 &longesubtiliffimum-
962 998 1115 1074 extare,
1140 973 1260 1087 quod
1271 997 1413 1058 omnes
1440 973 1626 1057 omnium
1643 993 1867 1084 corporum
1891 1002 2019 1088 poros

448 1105 494 1191 δι
509 1126 661 1190 meatus
674 1103 880 1189 liberrime
900 1123 1111 1214 permeet;
1139 1101 1241 1184 atall
1260 1119 1397 1184 autem
1413 1099 1552 1182 medio
1565 1124 1639 1209 per
1649 1125 1872 1212 corporum
1894 1127 2032 1214 poros-

447 1229 605 1318 fluente
620 1227 837 1313 resistentia
853 1227 952 1312 oriri
966 1225 1137 1311 debeat·
1167 1242 1213 1308 ut
1226 1243 1427 1309 tentarem
1442 1247 1491 1308 an
1502 1221 1719 1309 reststentia
1721 1249 1861 1337 ,qoam
1876 1227 2020 1313 inmo·

446 1357 499 1444 tis
515 1351 759 1498 corporibus
775 1354 1022 1495 experimur,
1039 1371 1124 1438 tota
1141 1349 1212 1436 fit'
1202 1373 1401 1436 meorum
1425 1370 1597 1436 externa
1612 1347 1837 1460 superficie,
1851 1379 1903 1437 an
1918 1379 2019 1438 vero

444 1501 581 1598 partes
601 1483 726 1568 etiam
744 1481 916 1566 interne
939 1481 981 1562 in
1003 1476 1291 1590 superficiebus
1315 1474 1488 1588 propriis
1515 1473 2020 1571 resistentiamnotabilem

444 1607 632 1704 sentiant,
644 1605 875 1715 excogitavi
894 1605 1223 1716 experimentum
1243 1600 1334 1684 tale.
1363 1597 1452 1684 Filo
1466 1595 1619 1710 pedum
1634 1581 2020 1716 undecimlongitu-

445 1731 554 1818 dinis
580 1729 644 1820 ab
659 1757 769 1820 unco
789 1729 999 1842 chalyben
1012 1725 1104 1812 satis
1129 1725 1265 1823 firmo,
1293 1723 1500 1810 mediante
1524 1726 1674 1810 annulo
1699 1725 1912 1838 chalybco,
1940 1727 2021 1816 sus·

445 1854 678 1968 pendebam
695 1851 893 1966 pyxidem
912 1851 1126 1960 abregnam
1136 1847 1372 1946 rotundam,
1382 1849 1434 1934 ad
1452 1847 1782 1935 constituendum
1793 1852 2033 1961 pendulum-

443 1973 717 2088 longitudinis
747 1971 965 2088 praedidlae.
1019 1967 1161 2057 Uncus
1178 1969 1330 2058 sursum
1357 1993 1586 2088 praeacutus
1604 1990 1689 2058 erat
1720 1975 1808 2060 acie
1827 2002 2021 2072 concava,

448 2117 496 2192 ut
531 2099 700 2188 annulus
726 2127 822 2189 arcu
861 2098 934 2184 luo
962 2095 1177 2210 superiore
1208 2098 1311 2184 aciei
1343 2097 1505 2186 innixus
1535 2097 1742 2184 liberrime
1772 2123 2022 2189 moveretur.

447 2225 581 2314 Arcui
611 2243 750 2315 autem
774 2221 960 2319 inferiori
987 2219 1283 2308 anneflebatur
1304 2219 1429 2306 filum
1486 2218 1758 2308 Pendulum
1747 2243 1813 2308 tta
1826 2227 2020 2314 constitu·

450 2369 539 2440 tum
558 2323 816 2438 deducebam
840 2375 865 2432 a
891 2344 1188 2485 perpendiculo
1214 2345 1267 2430 ad
1289 2344 1516 2432 distantiam
1541 2344 1650 2466 quafi
1676 2345 1847 2460 pedum
1832 2349 1935 2451 sex,
1960 2349 2022 2436 id·

450 2495 533 2584 que
561 2470 788 2588 secundum
815 2471 980 2582 planum
1007 2468 1112 2554 aciei
1138 2467 1236 2554 unci
1268 2457 1626 2609 perpendiculare,
1658 2497 1713 2556 ne
1739 2475 1922 2572 annulus,
1959 2472 2023 2560 ol·

451 2595 615 2713 cibante
624 2572 832 2714 pendulo,
859 2594 977 2708 supra
1001 2594 1142 2680 aciem
1161 2593 1258 2680 unci
1276 2593 1397 2714 ultro
1429 2594 1618 2718 citroque
1643 2595 1853 2724 laberetur.
1910 2595 2023 2688 Nan

446 2696 647 2838 putidum
673 2719 989 2853 suspenstoniss
978 2747 1021 2806 tn
1039 2746 1125 2836 ιιιιιι
1143 2721 1312 2837 annulus
1337 2725 1491 2811 uncum
1518 2723 1661 2834 tangit,
1678 2712 1912 2812 immotum
1939 2751 2024 2810 ma·

447 2873 548 2960 nere
576 2847 747 2940 debet
744 2843 973 2936 :suorum
963 2847 1090 2956 igitur
1115 2865 1304 2932 accurate
1323 2846 1529 2966 notabam,
1556 2849 1604 2932 ad
1622 2872 1749 2965 quem
1758 2837 2022 2938 deduxeram

446 2949 692 3084 pendulum,
719 2970 818 3058 dein
838 2970 1021 3083 pendulo
1039 2954 1212 3056 demisso
1240 2951 1433 3058 notabant
1459 2974 1535 3058 alia
1565 2975 1641 3058 tria
1668 2975 1774 3060 loca
1779 2975 1831 3060 ad
1851 3000 2022 3090 quae
1962 3005 2022 3064 re

449 3096 607 3216 dibat
597 3123 639 3184 ιιι
664 3095 748 3183 line
777 3095 1036 3185 oscillationis
1061 3097 1219 3210 primae,
1247 3097 1441 3218 secundae
1463 3123 1517 3182 ac
1541 3100 1683 3187 tertiae
1738 3097 1842 3186 Hoc
1867 3124 2021 3215 repete

445 3200 548 3344 baria
558 3222 781 3338 saepius,
746 3241 791 3306 ut
799 3223 913 3336 loca
921 3223 986 3306 illa
1004 3243 1128 3334 quam
1153 3224 1272 3335 potui
1293 3223 1625 3348 ιιιιιιιιιίιιιιιιι
1614 3215 1857 3354 advenirem.
1912 3229 2020 3320 Tum

449 3347 648 3464 pyxidem
679 3325 852 3489 plumbq
877 3346 920 3468 dc
950 3346 1218 3456 gravioribus,
1245 3373 1342 3470 quae
1356 3347 1409 3432 ad
1439 3326 1578 3474 mqnus
1598 3338 1726 3478 erant,
1755 3355 1955 3453 metallis
1947 3381 2020 3446 rm·

482 3476 625 3572 lebam
683 3471 769 3573 Sed
794 3474 903 3589 prius
935 3463 1230 3580 ponderabant
1246 3449 1454 3583 pyxidem
1473 3444 1676 3572 uacuam,
1687 3503 1771 3566 una
1795 3505 1892 3566 oum
1908 3502 2021 3592 parte

447 3499 530 3700 dli
529 3620 621 3708 qpae
647 3595 808 3682 circum
833 3593 1028 3705 pyxidem
1057 3593 1297 3682 volvebatur
1327 3621 1373 3678 ac
1398 3593 1573 3690 dimidio
1593 3601 1716 3710 partis
1744 3601 1911 3716 reliquae
1932 3631 2020 3716 que

450 3720 560 3832 inter
579 3743 734 3832 uncum
752 3718 796 3801 dc
819 3715 1015 3838 pyxidem
1036 3709 1255 3838 pendulam
1272 3719 1467 3812 tendebat
1452 3744 1530 3812 tur
1586 3723 1693 3809 Nam
1721 3725 1839 3814 filum
1866 3731 2022 3818 tensum

449 3818 631 3960 dimidio
663 3824 893 3958 ponderis
885 3842 960 3925 sui
974 3842 1213 3952 pendulum
1228 3873 1249 3926 a
1269 3825 1585 3988 “perpendiculo
1617 3843 1833 3991 dig'relsttm
1861 3851 2021 3963 semper

455 3988 608 4080 urget..
644 3963 762 4062 Huic
789 3966 975 4088 ponderi
993 3954 1193 4058 addebam
1219 3972 1380 4080 pondus
1408 3974 1507 4058 aeris
1538 4000 1662 4087 quem
1694 3978 1822 4088 pyxis
1829 3977 2021 4086 capiebat

454 4093 510 4198 Et
542 4069 703 4204 pondos
733 4109 867 4176 totum
897 4111 982 4182 erat
1012 4081 1119 4206 ιιιιιιι
1148 4119 1237 4204 pars
1266 4091 1569 4235 septuagefima
1590 4095 1728 4188 octava
1754 4101 1914 4212 pyxidis
1942 4127 2019 4192 me-

456 4223 651 4314 rallorum
662 4217 812 4328 plene.
869 4214 984 4307 Tum
1014 4219 1215 4330 quoniam
1238 4220 1354 4332 pyxis
1387 4223 1641 4312 metallorum
1674 4225 1819 4335 plena,
1825 4227 2020 4337 pondere

456 4342 532 4452 sup
563 4338 774 4432 tendendo
801 4339 928 4436 filum,
969 4343 1140 4460 augebat
1180 4339 1482 4454 longitudinem
1509 4345 1692 4456 penduli,
1732 4351 2019 4438 contrahebant

456 4467 570 4551 silum
604 4489 665 4554 ut
677 4463 893 4576 penduliy'
895 4492 959 4588 pm
996 4453 1209 4558 oscillantis
1252 4465 1396 4560 eadem
1438 4466 1536 4560 esset
1571 4471 1790 4582 longitudo
1821 4503 1868 4560 ac
1904 4475 2019 4586 priut'.
2163 4543 2164 4558 .

457 4592 566 4687 Dein
599 4590 794 4702 pendulo
812 4589 863 4674 ad
879 4492 1030 4680 locum
1061 4616 1194 4700 prrmo
1207 4614 1395 4684 notatum
1417 4593 1592 4682 retrado
1615 4619 1662 4678 ac
1684 4595 1858 4696 dimisso,
1885 4625 2018 4686 nume

456 4719 602 4828 rabam
613 4715 882 4800 oscillationcs
899 4741 946 4826 ιιι
932 4713 1010 4810 past
1031 4713 1282 4824 septuaginta
1311 4715 1362 4802 &
1387 4717 1556 4828 septem,
1584 4721 1718 4810 donec
1746 4727 1861 4836 pyxis
1886 4723 1935 4808 ad
1966 4729 2023 4808 lo.

457 4867 562 4940 num.
581 4837 762 4936 secundo
778 4825 1143 4932 notatumrediret
1129 4842 1444 4962 t„‚totid.cmque
1473 4843 2036 4964 subtndedonec.pyx1sad.·

1886 4974 2036 5062 ιἰιιιιιιι.
2163 5003 2164 5010 ¹
