4312 5652
414 203 818 306 sturnorum
867 199 1467 304 Maursuuaurua
1627 238 1718 336 ψ

333 529 802 628 PROPOSITIO
842 531 895 626 ΙΙ.
993 529 1447 668 ΤΗΕΟΚΕΜΑ·
1482 532 1534 626 ll.

153 697 394 836 Si'cnrprri
419 699 626 832 rtfislitnr
655 697 703 798 in
736 696 908 798 ratione
941 695 1195 822 velocitatis,
1233 697 1293 806 ΕΘ)
1324 699 1441 798 idem
1452 696 1550 820 stilo
1575 697 1622 810 oi
1656 696 1726 842 in-

204 855 303 990 fita
334 883 421 990 per
450 854 641 952 medium
652 853 860 982 stmilare
893 881 1135 977 moveatur,
1163 858 1403 974 firmantur
1437 877 1585 950 atatem
1613 879 1725 948 tem-

212 1037 334 1147 pora
358 1006 553 1142 aeqrrnlia
569 1045 584 1105 .·
607 1008 852 1108 velocitates
870 1005 917 1104 in
935 1005 1170 1144 principiis
1188 1007 1452 1140 stragularum
1479 1035 1726 1144 temporum

213 1172 323 1288 scint
349 1162 396 1259 in
415 1165 709 1300 progrcffione
734 1163 1017 1300 geometrica,
1061 1161 1122 1270 ὅθ’
1135 1163 1293 1302 spatia
1305 1160 1492 1298 stragulis
1516 1163 1728 1300 tempori·

225 1319 300 1418 bns
323 1315 541 1454 descripto
551 1327 660 1439 sirac
693 1345 741 1417 rit
765 1316 1024 1419 velocitates.

209 1563 302 1670 Caſs
322 1589 353 1644 1.
383 1559 602 1645 Dividatur
624 1583 782 1670 tempus
801 1560 844 1646 in
863 1560 1075 1672 particulas
1100 1561 1295 1673 aequalem
1326 1557 1369 1644 dc
1389 1558 1416 1643 st
1439 1561 1529 1670 iplis
1551 1561 1727 1672 particu·

149 1695 281 1778 larum
306 1688 431 1798 initiis
452 1710 542 1797 agat
564 1690 621 1772 vis
641 1688 870 1772 refillentiae
898 1689 1071 1798 impulsu
1098 1692 1237 1784 unico,
1264 1712 1356 1800 quae
1377 1687 1423 1770 stt
1442 1709 1489 1772 ut
1510 1692 1734 1774 velocitass

148 1819 231 1904 erit
256 1815 567 1900 decrementum
601 1813 829 1898 velocitatis
857 1811 1016 1922 singulis
1050 1813 1246 1922 temporis
1283 1813 1489 1926 particulis
1515 1836 1560 1899 ut
1585 1817 1730 1900 eadem

149 1939 361 2024 velocitas.
418 1936 519 2020 Sunt
553 1963 654 2046 ergo
682 1937 918 2020 velocitates
948 1933 1186 2022 differentiis
1213 1935 1289 2018 suis
1318 1937 1654 2046 proportionales,
1688 1937 1732 2020 dc

149 2085 373 2176 propterea
406 2061 497 2172 (per
513 2063 606 2145 lem.
627 2088 655 2143 r.
696 2063 762 2145 lib.
786 2072 864 2172 11.)
886 2065 1082 2146 continue
1107 2061 1444 2172 proportionales.
1502 2061 1681 2146 Proinde
1704 2064 1734 2147 li

152 2218 210 2276 ex
249 2185 391 2300 aequali
431 2185 718 2294 particularum
757 2209 930 2268 numero
973 2207 1274 2295 componantur
1314 2204 1498 2296 tempora
1535 2189 1728 2298 quaelibet

152 2313 338 2427 aequalia,
366 2331 486 2393 erunt
506 2308 742 2394 velocitates
763 2307 852 2419 ipsts
883 2328 1117 2422 temporum
1144 2311 1281 2406 initiis,
1308 2333 1352 2394 ut
1377 2311 1540 2396 termini
1564 2313 1605 2395 in
1638 2339 1733 2423 pro*

150 2437 359 2550 greffione
379 2437 587 2532 continua,
618 2435 689 2548 qui
718 2461 792 2545 per
811 2433 951 2520 saltum
971 2439 1200 2548 capiuntur,
1238 2433 1383 2520 omillo
1416 2435 1555 2548 pallim
1591 2435 1735 2549 aequali

152 2562 429 2650 terminorum
458 2559 800 2645 intermediorum
830 2587 1015 2646 numero.
1072 2563 1392 2675 Componuntur
1423 2583 1558 2646 autem
1592 2563 1737 2648 horum

154 2689 433 2775 terminorum
463 2684 641 2768 rationes
666 2711 719 2767 ex
750 2685 972 2771 rationibus
998 2686 1106 2770 inter
1132 2686 1172 2770 le
1206 2685 1348 2771 iisdem
1380 2687 1649 2770 terminorum
1676 2687 1737 2771 in·

151 2810 456 2900 termediorum
486 2809 700 2923 aequaliter
720 2813 928 2923 repetitis,
969 2811 1012 2896 &
1041 2833 1260 2925 propterea
1279 2839 1339 2898 eae
1366 2837 1532 2926 quoque
1561 2813 1745 2899 rationes-

128 2936 400 3050 sscomposrtae
432 2937 538 3020 inter
570 2933 611 3020 se
647 2936 805 3022 eaedem
842 2937 944 3022 sunt.
1007 2937 1135 3048 Igitur
1164 2939 1415 3034 velocitates,
1459 2939 1519 3022 his
1553 2943 1738 3034 terminis

150 3061 495 3176 proportionales,
529 3059 620 3144 sunt
664 3061 706 3145 in
739 3061 1019 3172 progressione
1053 3065 1316 3172 geometrica.
1386 3061 1627 3146 mouentur
1654 3065 1746 3172 jam·-

152 3189 344 3300 aequales
366 3187 443 3270 illae
474 3206 708 3296 temporum
744 3186 968 3292 particulae,
1005 3183 1272 3293 &augeatur
1302 3209 1441 3267 earum
1474 3210 1665 3270 numerus
1696 3188 1739 3273 in

149 3309 377 3420 infinitum,
405 3335 458 3390 eo
485 3327 531 3388 ut
560 3304 791 3387 resistentia
817 3305 1009 3415 impulsus
1044 3307 1240 3388 reddatur
1269 3305 1519 3403 continuus;
1559 3307 1602 3388 dc
1628 3308 1740 3405 uelo·

155 3431 305 3518 citates
332 3431 375 3514 in
401 3427 611 3540 principiis
639 3424 852 3538 aequalium
883 3448 1132 3538 temporum,
1160 3428 1317 3542 semper
1340 3429 1536 3513 continue
1566 3455 1742 3543 propor-

155 3557 346 3652 tionales,
366 3571 488 3639 erunt
507 3555 547 3639 in
569 3554 650 3653 boc
669 3553 791 3637 etiam
811 3553 902 3637 casu
926 3555 1123 3639 continue
1136 3555 1473 3667 proportionales.
1531 3557 1585 3678 Q
1607 3557 1657 3640 E.
1675 3561 1738 3644 D.

1779 390 1907 450 [mrsu
1947 455 1949 460 ,

1737 473 1958 534 Seruaeus

145 3701 154 3712 ·
216 3681 309 3790 Cas
320 3709 359 3760 2.
389 3673 446 3763 Et
472 3676 628 3764 divisim
657 3675 922 3763 velocitatum
952 3675 1211 3777 differentia,
1238 3679 1318 3761 hoc
1348 3678 1419 3778 eli,
1445 3705 1583 3766 earum
1608 3706 1752 3792 partes*

155 3806 322 3929 singulis
359 3805 613 3916 temporibus
656 3801 826 3900 amissae,
872 3804 962 3889 sunt
1002 3825 1048 3890 ut
1082 3823 1212 3888 totae:
1251 3803 1374 3914 spatia
1408 3824 1544 3890 autem
1581 3808 1742 3920 singulis

157 3927 415 4038 temporibus
438 3926 638 4037 descripta
665 3926 753 4011 sunt
775 3946 821 4009 ut
840 3928 1105 4012 velocitatum
1131 3946 1264 4034 partes
1285 3925 1431 4014 amiffae
1461 3933 1554 4039 (per
1570 3955 1688 4044 prop.
1705 3961 1741 4016 r.

153 4053 229 4140 lib.
250 4058 328 4160 ιι.)
357 4049 398 4131 dc
421 4070 637 4160 propterea
662 4049 785 4132 etiam
804 4071 849 4133 ut
875 4071 987 4133 totae.
1043 4047 1098 4168 Q
1119 4047 1171 4130 E.
1193 4051 1255 4132 D.

217 4175 342 4259 Coral.
364 4171 481 4260 Hinc
499 4174 528 4259 sr
548 4173 781 4284 alymptotis
808 4173 1046 4286 reciangulis
1078 4181 1171 4276 AC,
1196 4174 1293 4259 CH
1701 4231 1748 4294 H

156 4299 413 4388 describatur
433 4301 657 4412 hyperbole
680 4298 782 4396 BG,
803 4300 961 4413 fintque
982 4304 1029 4385 A
1035 4303 1086 4404 B,
1110 4305 1210 4389 DG
1227 4305 1288 4390 ad'

157 4426 423 4538 asymptoton
455 4427 551 4510 AC
573 4427 945 4537 perpendiculares,
982 4427 1026 4512 &
1053 4451 1281 4544 exponatur

158 4571 253 4634 tum
292 4549 477 4658 corporis
516 4552 709 4636 velocitas
748 4573 836 4635 tum
879 4552 1099 4639 resistentia
1137 4555 1276 4650 medii,
1327 4617 1357 4675 B

157 4673 251 4787 ipso
268 4695 402 4758 motus
420 4675 554 4778 initio,
571 4703 644 4788 per
664 4677 810 4763 lineam
826 4682 1010 4791 quamvis
1031 4681 1166 4766 datam
1181 4683 1275 4779 AC,

158 4800 299 4912 elapso
319 4821 455 4886 autem
485 4826 674 4916 tempore
702 4805 840 4918 aliquo
864 4831 937 4916 per
969 4807 1115 4895 lineam
1143 4812 1278 4895 indeli-
1324 4858 1344 4904 f
1542 4803 1730 4886 offic

158 4929 294 5016 uitam
315 4926 442 5013 DC:
470 4929 621 5042 exponi
652 4933 784 5040 potest
817 4948 976 5044 tempus
1001 4961 1074 5046 per
1102 4963 1240 5022 aream
1266 4941 1483 5040 ABGD,
1510 4943 1554 5030 dc
1574 4937 1752 5050 spatium

1700 5094 1752 5152 eo

1524 4399 1553 4464 G
