4344 5648
433 357 526 488 318
699 339 1234 448 outtosorntoe
1270 326 1727 482 utpouruss

924 683 952 776 S
987 683 1023 778 E
1058 681 1101 774 C
1137 674 1244 778 TI
1281 675 1329 770 O
1397 667 1505 770 Vll.

629 867 707 966 De
730 889 849 964 moto
859 861 1103 990 fluidorum
1137 855 1198 966 Εἴ
1221 851 1467 990 restllcntio
1488 843 1804 994 projedr'lium.

318 1291 321 1298 .
486 1144 960 1247 ououostrto
996 1143 1195 1240 xxxn.
1269 1134 1714 1234 turonens.
1759 1133 1942 1234 xxvi.

430 1329 481 1436 Si
503 1361 730 1470 corporum
743 1331 989 1468 systemata
1013 1328 1094 1472 duo
1105 1322 1282 1460 stmilia
1314 1357 1368 1422 ex
1390 1316 1555 1455 equali
1568 1313 1901 1459 particularum
1924 1357 2006 1418 nm

501 1523 620 1586 mero
645 1485 846 1617 constent,
890 1481 950 1587 bd
977 1478 1215 1618 particule
1244 1472 1619 1616 correspondentes
1633 1469 1809 1603 ssmiles
1824 1473 1922 1604 stnt
1944 1471 2005 1582 ἐφ’

495 1637 860 1781 proportionales,
881 1635 1069 1772 fingulae
1099 1635 1150 1734 in
1185 1671 1266 1732 nno
1290 1629 1527 1764 systemate
1546 1625 1732 1760 fingulis
1767 1626 1816 1724 in
1850 1628 2002 1756 altero,

499 1791 561 1900 (Ψ
569 1791 785 1928 fimiliter
826 1817 898 1889 rte
919 1787 1119 1911 intense,
1149 1825 1202 1885 oc
1225 1785 1380 1886 Mam
1410 1781 1602 1882 habeam
1627 1777 1844 1877 ontionem
1866 1781 2005 1918 denfi·

499 1945 918 2070 tornationem,
945 1943 1006 2052 Εἴ
1030 1943 1146 2042 inter
1158 1947 1211 2066 se
1243 1937 1504 2080 temporibus
1530 1934 1928 2076 proportionalibus
1934 1939 2003 2074 st

500 2099 670 2202 militer
704 2102 871 2202 moveri
902 2098 1128 2238 incipiant·
1150 2100 1230 2224 (cn
1252 2093 1369 2196 inter
1381 2098 1435 2214 se
1461 2127 1559 2228 qoae
1583 2088 1631 2188 in
1655 2127 1736 2187 uno
1747 2096 1859 2212 sum
1869 2101 1926 2230 sp
1960 2133 2003 2194 e-

501 2283 622 2356 mate
646 2253 706 2360 Εἴ
724 2294 784 2356 ee
806 2256 924 2356 inter
935 2259 988 2378 se
1012 2289 1110 2392 qun
1119 2257 1227 2376 som
1251 2247 1298 2345 in
1321 2247 1484 2378 altero)
1509 2243 1570 2350 fs?
1582 2241 1625 2362 ſs
1647 2279 1732 2341 mn
1757 2273 1941 2380 tangam
1951 2259 2003 2373 se

487 2439 650 2510 >mutuo
675 2449 773 2546 qne
795 2409 843 2510 in
862 2409 1010 2509 eodem
1022 2414 1133 2530 sunt
1142 2407 1395 2542 systemate,
1422 2401 1508 2536 nist
1527 2402 1576 2500 in
1600 2405 1828 2502 momentis
1849 2407 2003 2530 rosten-

499 2560 663 2687 ionnm,
697 2567 839 2698 neque
872 2561 1124 2686 attrahant,
1167 2558 1245 2660 vel
1265 2547 1501 2694 sugent‘st
1534 2581 1696 2680 mutuo,
1732 2555 1819 2688 nist
1839 2559 2003 2666 viribus

501 2716 879 2844 accelerasticibns
914 2753 1012 2852 qne
1020 2715 1119 2848 sont
1151 2741 1200 2812 ut
1223 2711 1555 2852 particularum
1590 2709 2005 2848 correspondentiam

496 2871 712 2973 diametri
735 2873 903 2991 muerse
927 2869 988 2975 &⁹
1012 2869 1240 3007 quadrato
1258 2867 1537 2968 uelocitatem
1555 2863 1749 2966 direHe:
1774 2865 1868 2966 dico
1895 2869 2011 3004 quod

491 3021 782 3159 systematum
804 3021 1043 3161 porticulo
1075 3021 1163 3120 illae
1187 3050 1377 3160 pergent
1409 3023 1527 3122 inter
1537 3029 1591 3141 se
1616 3019 1883 3158 temporibus
1899 3051 2000 3162 pro·

428 3303 434 3312 ⁸
495 3175 1037 3326 portionalibnsfimiliter
1062 3175 1242 3276 moveri.

488 3449 679 3564 Corpora
693 3453 840 3573 ‘finilia
861 3447 904 3536 u
930 3451 1111 3543 similiter
1140 3451 1209 3537 ssta
1238 3449 1490 3562 temporibus
1507 3449 1882 3564 proportionalibus
1903 3451 2000 3536 inter

431 3577 474 3662 se
494 3575 675 3665 fimiliter
696 3577 854 3664 moveri
879 3578 989 3674 dico,
1015 3604 1193 3691 quorum
1222 3571 1314 3661 fitus
1337 3574 1585 3663 adinvicem
1608 3579 1651 3661 in
1671 3573 1752 3663 fine
1773 3597 2001 3687 temporum

435 3699 598 3784 illorum
621 3699 779 3810 semper
804 3703 894 3787 sunt
921 3698 1088 3785 fimiles:
1126 3723 1224 3812 puta
1246 3698 1275 3784 ss
1294 3701 1502 3812 particulae
1532 3699 1649 3786 unius
1675 3697 1893 3808 systematis
1910 3723 2000 3782 cum

430 3825 594 3914 alterius
626 3827 832 3936 ponticulis
873 3823 1285 3936 correspondentibus
1316 3825 1595 3914 conferantur.
1662 3823 1787 3910 Unde
1820 3845 1998 3934 tempora

432 3963 554 4038 erunt
581 3951 916 4069 proportionalia,
954 3951 997 4037 in
1025 3951 1172 4066 quibus
1199 3951 1343 4041 slmiles
1370 3951 1414 4036 &
1440 3952 1765 4064 proportionales
1788 3950 2002 4062 figurarum

431 4075 621 4198 srmilium
648 4094 825 4187 panesa
851 4075 1057 4194 particulis
1089 4073 1502 4190 correspondentibus
1530 4074 1829 4164 describuntur.
1884 4071 1999 4186 lgitur

431 4202 564 4287 srduo
587 4201 663 4287 fint
689 4200 887 4309 ejusmodi
911 4201 1132 4312 systemata,
1160 4205 1372 4318 particulae
1402 4199 1786 4314 correspondentes,
1821 4201 1877 4286 ob
1903 4199 2002 4286 firni-

431 4324 647 4410 lirudinem
669 4326 949 4438 incoeptorum
972 4348 1174 4428 motuum,
1201 4347 1375 4441 pergent
1394 4327 1574 4413 fimiliter
1593 4327 1767 4424 moveri,
1789 4324 1916 4438 usque
1937 4323 2003 4408 do·

431 4475 509 4534 nec
531 4447 603 4532 srbi
622 4471 766 4535 mutuo
788 4475 1021 4536 occurrant.
1077 4452 1182 4537 Nam
1208 4452 1236 4537 fi
1264 4453 1389 4538 nullis·
1407 4453 1609 4560 agitantur
1638 4450 1805 4548 viribus,
1840 4471 2002 4560 progre-

432 4571 598 4658 dientur
624 4573 885 4660 uniformiter
904 4577 947 4660 in
974 4579 1087 4660 lineis
1117 4577 1235 4662 redlis
1258 4603 1332 4688 per
1356 4599 1493 4662 motus
1512 4579 1590 4687 leg.
1610 4605 1642 4660 1.
1699 4573 1741 4660 Si
1763 4574 1916 4660 viribus
1939 4568 2003 4654 ali·

430 4696 577 4809 quibus
604 4695 643 4780 se
664 4719 811 4783 mutuo
829 4700 995 4809 agitant,
1025 4699 1066 4782 &
1082 4701 1186 4783 vires
1207 4701 1284 4784 illae
1303 4701 1376 4786 fint
1395 4721 1442 4786 ut
1461 4702 1747 4811 particularum
1766 4695 2003 4806 correspon-

431 4822 618 4907 dentium
646 4823 835 4909 diametri
855 4823 1072 4910 inverse&
1092 4825 1288 4938 quadrata
1307 4828 1572 4914 velocitatum
1597 4826 1781 4922 disedle3
1809 4823 2000 4937 quoniam

431 4948 720 5052 particularum
741 4947 833 5032 fitus
852 4949 942 5033 sunt
963 4951 1105 5035 ssmiles
1125 4951 1167 5034 &
1185 4953 1289 5037 vires
1310 4957 1647 5067 proportionales,
1676 4955 1781 5038 vires
1801 4971 1903 5035 totae
1919 4945 2002 5063 qui·

430 5067 503 5158 bus
519 5071 733 5181 particulas
761 5075 1128 5188 correspondentes
1157 5079 1381 5192 agitantur,
1419 5110 1472 5170 ex
1499 5083 1649 5172 viribus
1672 5081 1830 5194 ssngulis
1854 5081 2003 5190 agitan-

519 5233 523 5242 ·
1902 5201 2003 5287 tibus
