4338 5656
233 219 252 238 “
371 253 776 356 structura
812 252 1413 374 uarursra'rroa.·
1609 286 1716 394 529

10 411 22 496 i
130 425 236 518 'teli
293 421 337 512 in
364 423 452 538 ipso
479 433 779 512 ‘continentur
811 421 856 510 &
882 447 1103 515 moventur
1132 430 1224 516 lini·
1296 441 1717 526 ⁴=ltaserrtielsauteeterea,ut
1768 427 1901 504 Ltrra'

146 552 282 652 versa,
321 554 392 640 sed
429 553 512 638 fine
545 576 685 638 mutua
718 551 913 663 passione.
978 552 1092 640 Deus
1124 555 1226 643 nihil
1278 511 1972 679 ssi‘fflgssjgelffussf‘ffl:T³¹¹¹⁰rs·

144 677 301 791 patitur
329 703 384 761 ex
407 701 632 788 corporum
655 675 859 760 motibus:
889 677 953 760 illa
972 677 1122 764 nullam
1137 675 1225 765 sen·
1280 678 1713 776 Tirls.,An‹3xapras,vrrgrrrm
1958 731 1965 742 κ.

167 801 176 818 ,
464 800 472 818 .
751 801 759 816 .
942 801 949 815 .
1056 799 1064 814 .
1279 759 1417 840 Georgtc.
1433 763 1471 822 lrb
1492 781 1531 826 tv.
1550 791 1580 828 v.
1594 790 1663 844 220,
1680 777 1712 840 ὃς

12 820 23 874 ῑ.
145 821 257 886 truut
282 800 541 886 tesrlletrtram
567 828 621 884 ex
648 797 977 911 omnrpraesentra
1000 799 1081 883 der.
1138 798 1224 886 Dc·
1278 837 1711 923 AE„,d‚1,a‚⁶„‚7„„;‚,·„
1786 875 1789 882 .

10 923 21 1006 i
142 954 220 1016 um
241 930 443 1016 summum
462 928 685 1016 necessario
699 931 876 1016 exiliere
893 939 933 1016 io
949 922 1137 1016 cool'ello
1151 928 1222 1015 est:
1278 917 1599 1070 {issfii‘infiiissiiss
1614 933 1712 1077 iiiii?

17 1079 22 1132 ε
143 1053 205 1142 Er
240 1056 387 1142 erdem
420 1056 657 1142 necestitate
690 1061 849 1167 semper
885 1055 948 1140 est
991 1053 1035 1138 δι
1063 1051 1223 1168 abique.
1277 1078 1361 1170 nitra.
1402 1080 1712 1186 rtaeuaarerrptora

10 1203 22 1256 r
143 1181 271 1270 Unde
297 1185 422 1270 eriam
445 1206 558 1270 totus
579 1183 640 1270 ell
663 1187 721 1269 sui
750 1183 900 1282 similis,
924 1199 1039 1268 totus
1060 1183 1222 1288 oculus,
1275 1155 1711 1330 ξ’ξῐζξῗξζῖῗηζζξῑῇέὲνζζξζ

12 1305 21 1386 '-
144 1332 260 1398 totus
285 1311 404 1408 auris,
446 1333 559 1396 totus
586 1314 820 1410 cerebrum,
855 1331 968 1398 totus
992 1308 1221 1412 brachium,
1275 1316 1334 1376 ¹¹⁹·
1354 1337 1381 1380 2·
1405 1323 1491 1400 msa
1509 1328 1539 1386 in
1560 1327 1649 1390 Deru·
1670 1332 1712 1396 ir.

144 1457 259 1524 totus
277 1441 338 1522 vis
358 1433 574 1537 sentiendi,
600 1439 870 1550 intelligendi,
898 1437 943 1524 &
961 1435 1124 1548 agendi,
1150 1435 1222 1526 sed
1277 1397 1502 1552 {iiiiii
1526 1409 1710 1555 prompt.

144 1590 265 1654 more
289 1562 460 1648 minime
488 1565 683 1674 humano,
718 1591 836 1652 more
868 1564 1039 1652 minime
1071 1586 1222 1675 corpo·
1278 1552 1709 1714 {ffellsigfefvumgflqui-rr,

10 1681 19 1764 I:
134 1712 236 1783 reo,
262 1709 381 1770 more
406 1682 523 1768 nobis
549 1687 711 1796 prorsus
732 1687 961 1798 incognito.
1005 1681 1065 1768 Ut
1086 1707 1220 1774 caecus
1275 1677 1328 1784 2⁴3
1360 1680 1520 1794 Fingebam
1531 1665 1711 1790 auriri'rii’

134 1835 232 1895 ¹nou
257 1808 379 1892 habet
403 1804 541 1892 ideam
567 1810 773 1909 colorum,
805 1809 860 1895 fic
885 1835 961 1897 tros
979 1806 1115 1893 ideam
1134 1833 1219 1894 nort
1272 1791 1708 1948 {ss'jflffiiffi'glffgffiffiffi

10 2005 14 2016 .
141 1938 339 2023 habemus
365 1931 602 2035 modorum,
619 1939 767 2048 quibus
785 1937 888 2023 deus
910 1933 1218 2048 sapientissimus
1272 1949 1323 2012 lias
1336 1957 1444 2018 xrunnu
1461 1972 1555 2034 partes
1572 1963 1629 2022 ere
1641 1981 1707 2040 par.

10 2063 15 2142 l
141 2061 266 2149 sentit
302 2059 566 2171 &intelligit
600 2065 753 2150 omuia.
801 2062 1000 2174 Corpore
1030 2061 1146 2147 omni
1174 2062 1219 2148 dr
1272 2029 1551 2178 {ffldmfflff‘
1570 2041 1639 2106 “³2⁰
1653 2063 1706 2106 ⁰⁰·

10 2221 11 2230 ¹
140 2190 275 2300 figura
301 2215 502 2301 corporea
537 2188 702 2300 prorsus
742 2185 994 2285 destituitur,
1032 2187 1219 2301 ideoque

10 2343 11 2394 ι
141 2313 277 2400 videri
300 2337 386 2398 noo
412 2309 560 2422 potest,
598 2335 679 2396 nec
703 2309 856 2410 audiri,
880 2337 960 2396 nec
985 2310 1113 2420 tangi,
1139 2333 1218 2396 nec
1244 2309 1317 2396 sub
1335 2309 1470 2425 specie
1496 2317 1559 2404 rei
1577 2323 1705 2412 alicu·

137 2441 204 2552 Jus
234 2436 426 2548 corporei
459 2434 541 2522 coli
575 2433 722 2520 debet.
787 2431 905 2520 ideas
937 2434 1134 2520 habemus
1155 2434 1460 2534 ‚attributorum
1481 2439 1586 2550 ejus,
1631 2449 1705 2538 sed

139 2561 244 2676 quid
271 2561 319 2647 fit
345 2559 405 2646 rei
427 2555 594 2667 alicujus
608 2555 826 2644 substantia
850 2558 1019 2644 minime
1042 2556 1341 2670 cognoscimus.
1396 2557 1599 2654 Videmus
1618 2589 1705 2662 tan·

140 2707 232 2771 tum
256 2708 481 2794 corporum
507 2679 656 2792 figuras
680 2679 727 2766 dc
748 2681 923 2782 colotes,
949 2683 1137 2768 audimus
1162 2701 1322 2768 tantum
1340 2680 1473 2785 sonos,
1502 2693 1706 2803 tangimus

10 2877 12 2884 ,
140 2827 300 2895 tantum
322 2805 552 2919 superficies
571 2827 773 2903 externas,
800 2807 1014 2892 olfacimus
1027 2806 1186 2892 odores
1205 2804 1326 2906 solos,
1346 2807 1397 2922 ¹&
1424 2813 1628 2920 gustamus
1648 2821 1706 2908 sa.

137 2955 291 3044 potes:
332 2929 493 3013 intimas
519 2926 753 3014 substantias
784 2929 899 3014 nullo
932 2929 1060 3030 seusu,
1100 2930 1209 3017 nulla
1229 2928 1393 3015 auioae
1417 2935 1573 3024 reflexa
1604 2969 1705 3058 cog.

137 3053 370 3142 noscimus;
398 3047 441 3132 δι
462 3049 595 3130 multo
621 3051 757 3132 minus
789 3051 925 3133 ideam
954 3053 1150 3137 habemus
1177 3049 1403 3136 substantiae
1428 3055 1510 3142 dei.
1572 3061 1704 3156 Hunc

126 3173 422 3288 cognoscimus
448 3169 712 3256 solummodo
739 3195 814 3282 per
841 3176 1114 3284 proprietates
1132 3175 1219 3284 ejus
1244 3173 1294 3257 dc
1309 3174 1522 3298 attributa,
1552 3183 1599 3270 dc
1627 3215 1703 3301 per

136 3297 439 3414 sapientissimas
458 3293 501 3379 dr
523 3297 699 3405 optimas
721 3323 860 3382 retum
878 3296 1092 3386 llruiiuras
1111 3300 1156 3386 δι
1169 3297 1303 3384 causas
1322 3301 1473 3402 finales,
1498 3308 1548 3396 dc
1570 3313 1699 3402 admi.

137 3447 275 3510 ramur
303 3419 359 3502 ob
385 3415 685 3529 possessiones-3
710 3443 956 3512 veneramur
970 3441 1115 3506 autem
1131 3418 1177 3505 δι
1194 3421 1368 3508 colimus
1382 3424 1438 3510 ob
1456 3427 1702 3526 dominium.

136 3545 326 3636 Colimus
349 3543 461 3628 enim
480 3562 531 3628 ut
551 3542 670 3642 serui,
696 3541 743 3630 dc
764 3543 866 3630 deus
889 3545 971 3632 stne
994 3545 1201 3644 dominio,
1219 3545 1492 3674 provideatis,
1509 3553 1554 3640 dc
1568 3561 1701 3650 ¹causrs

136 3667 322 3756 finalibus
350 3664 450 3750 nihil
476 3663 585 3750 aliud
612 3665 673 3750 eli
688 3691 821 3780 =quam
845 3667 974 3755 fatum
997 3668 1042 3757 δι
1064 3689 1218 3756 natura.
1274 3672 1317 3756 A
1335 3698 1446 3762 caeca
1463 3681 1701 3775 neceffitate

137 3787 424 3903 metaphysica,
450 3813 544 3903 quae
571 3789 881 3904 utiqueeadem
898 3792 966 3877 -est
989 3794 1149 3906 semper
1174 3791 1220 3879 dc
1238 3793 1407 3907 ubique,
1435 3805 1543 3889 nulla
1567 3811 1698 3897 oritur

136 3942 276 4002 rerum
308 3915 490 4000 variatio.
546 3911 661 3998 Tota
686 3939 824 4002 rerum
852 3919 1113 4006 conditarum
1139 3944 1216 4031 pro
1240 3919 1341 4005 locis
1366 3951 1413 4006 ac
1444 3933 1700 4042 temporibus

135 4039 360 4137 diverfitas,
398 4037 449 4122 ab
471 4037 576 4122 ideis
603 4037 648 4124 dc
672 4041 882 4128 voluntate
903 4045 1017 4130 eutis
1047 4043 1271 4130 necessario
1306 4049 1511 4139 exilientis
1549 4057 1699 4144 solum·

134 4163 267 4250 modo
288 4161 387 4246 oriri
410 4162 560 4274 potuit.
615 4161 782 4250 Dicitur
803 4185 941 4253 autem
966 4169 1068 4254 deus
1091 4170 1421 4280 perallegoriam
1444 4177 1604 4277 uidere,
1628 4210 1699 4270 au·

135 4289 240 4386 dire,
268 4287 405 4402 loqui,
431 4287 592 4388 ridere,
619 4313 777 4388 amare,
804 4291 907 4376 odio
933 4293 1106 4392 habete,
1134 4318 1309 4408 cupere,
1337 4297 1461 4400 dare,
1489 4307 1709 4421 accipere,

134 4413 328 4526 gaudere,
356 4407 486 4508 irasci,
514 4436 712 4535 pugnare,
738 4411 953 4515 fabricare,
973 4418 1170 4515 condere,
1188 4420 1436 4509 construere.
1492 4428 1598 4516 Nam
1616 4433 1697 4520 ser·

135 4560 207 4618 mo
235 4536 367 4622 omnis
388 4534 542 4646 dedeo
561 4563 584 4620 a
614 4536 735 4623 rebus
754 4537 940 4628 humanis
965 4565 1040 4654 per
1053 4541 1365 4634 similitudinem
1383 4549 1559 4663 aliquam
1580 4555 1695 4642 desu-

134 4655 273 4750 mitur,
301 4681 385 4741 non
410 4653 633 4769 perfedlam
663 4660 849 4773 quidem,
876 4661 946 4749 sed
978 4665 1192 4778 aliqualem
1221 4686 1392 4754 tamen..
1426 4669 1481 4758 Et
1519 4677 1606 4762 haec
1640 4675 1697 4764 de

134 4776 231 4874 deo,
259 4773 423 4888 dequo
456 4777 600 4894 utique
628 4807 682 4868 ex
709 4781 990 4894 phaeuomenis
1006 4781 1216 4895 disserere,
1243 4791 1295 4876 ad
1313 4791 1609 4911 philosophiam
1625 4825 1698 4888 tra·

131 4901 304 4990 ruralem
319 4899 518 5018 pertinet.

910 5039 1047 5148 ΥΠ
1416 5013 1418 5020 ’
1479 5045 1696 5146 Haileorrs
