4450 5674
459 163 855 270 PRINCIPIA
900 159 1496 266 MATHEMATICA.
1713 197 1771 296 35

266 346 359 455 Cast
376 372 408 430 1.
436 342 497 432 Sit
519 369 634 432 arcus
655 343 721 431 ille
740 345 786 428 A
795 343 850 442 B,
878 361 1044 451 tangens
1063 338 1148 448 ejus
1167 337 1286 437 AD,
1314 337 1497 424 subtensa
1523 337 1657 446 anguli
1676 363 1774 426 con·
1819 323 1969 468 92¹⁸*

14 442 23 562 s
207 468 336 560 tasius
355 473 406 558 ad
426 489 659 582 tangentem
678 470 1021 582 perpendicularis
1041 467 1155 564 BD,
1179 463 1360 554 subtensa
1383 492 1497 552 arcus
1519 465 1622 548 AB.
1658 463 1775 555 Huic

14 568 23 680 s
205 597 404 682 subtensae
425 597 572 682 AB&
600 599 783 707 tangenti
807 599 910 696 AD
933 594 1286 708 perpendiculares
1315 593 1520 701 erigantur
1549 591 1651 689 AG,
1678 591 1779 695 BG,

14 713 19 818 ,ἶ
206 748 501 812 concurrentes
514 727 554 810 in
575 727 642 824 G,
673 725 769 814 dein
795 726 990 812 accedant
1010 723 1156 836 ponda
1181 726 1246 819 D,
1268 725 1318 822 B,
1339 724 1391 820 G,
1410 722 1459 804 ad
1477 721 1623 831 punda
1639 717 1678 815 d,
1695 720 1781 836 bsg,

14 827 17 856 ι
203 847 337 964 srtque
355 851 393 960 J
417 851 647 938 intersesiio
661 853 857 940 linearum
872 852 913 934 B
927 853 978 950 G,
994 853 1084 938 AG
1103 853 1250 938 ultimo
1272 848 1372 936 sada
1393 849 1461 936 ubi
1485 847 1630 962 punsia
1649 847 1716 947 D,
1734 847 1774 933 B

14 953 19 984 '
204 976 411 1060 accedunt
430 977 560 1090 usque
582 976 633 1062 ad
655 983 708 1060 A.
763 975 1025 1063 Manifestum
1043 978 1100 1062 est
1121 979 1236 1090 quod
1263 977 1323 1063 di·
1377 1059 1394 1094 p
1551 1027 1574 1087 g
1643 1033 1765 1108 „m-

203 1102 348 1187 ssantia
369 1101 458 1208 GJ
475 1104 609 1186 minor
628 1101 707 1188 else
719 1102 849 1215 potest
862 1129 985 1217 quam
1007 1101 1195 1212 assignata
1213 1129 1322 1218 quae·
1361 1101 1664 1241 CN‘TJ*

205 1229 279 1313 vis.
334 1223 405 1310 Est
433 1246 567 1313 autem
596 1228 668 1332 (ex
687 1248 829 1316 natura
853 1231 1102 1315 circulorum
1127 1255 1201 1344 per
1220 1256 1322 1342 pun·
1501 1225 1566 1278 *s
1577 1229 1651 1359 Χ

206 1348 272 1437 sia
290 1352 379 1435 AB
388 1353 439 1450 G,
466 1355 541 1436 Ab
545 1381 574 1464 g
596 1353 904 1468 transeuntium)
928 1355 1017 1440 AB
1035 1355 1148 1468 quad
1171 1359 1324 1469 aequale
1365 1359 1376 1376 Ἰ
1639 1365 1646 1374 ”

207 1476 307 1560 AG
333 1500 364 1564 >t
391 1476 509 1575 BD,
541 1477 584 1560 dc
613 1475 695 1564 Ab
726 1480 842 1591 quad.
871 1483 1023 1594 aequale
1054 1481 1138 1598 Ag
1163 1502 1194 1568 x
1224 1482 1320 1580 bd,

204 1601 389 1715 ideoque
413 1605 516 1687 ratio
536 1599 623 1684 AB
642 1603 757 1713 quad.
772 1609 822 1694 ad
837 1608 911 1692 Ab
926 1607 1040 1720 quad.
1059 1611 1322 1722 componitur
1365 1617 1366 1620 ‘

206 1750 263 1811 ex
288 1727 511 1813 rationibus
537 1733 636 1816 AG
664 1734 716 1818 ad
743 1731 882 1846 Ag&
903 1732 1005 1816 BD
1032 1737 1084 1820 ad
1110 1733 1185 1818 bd.
1241 1734 1324 1823 Sed

203 1851 404 1963 quoniam
438 1854 527 1962 GJ
553 1856 691 1943 assumi
735 1859 868 1972 potest
892 1861 1027 1946 minor
1067 1861 1324 1968 longitudine

203 1975 349 2087 quavis
368 1975 571 2086 affignata,
598 1982 686 2067 fieri
714 1982 845 2094 potest
871 2005 918 2068 ut
945 1985 1049 2070 ratio
1068 1987 1156 2070 AG
1175 1987 1227 2074 ad
1250 1991 1325 2101 Ag

204 2101 343 2189 minus
382 2100 542 2188 differat
581 2110 791 2198 aratione
824 2099 1059 2222 equalitatis
1090 2137 1213 2225 quam
1247 2140 1324 2228 pro
1364 2180 1408 2231 1„
1563 2141 1567 2148 ·

205 2221 438 2313 differentia
458 2230 596 2341 quavis
614 2232 816 2342 assignata,
844 2236 1024 2350 ideoque
1042 2257 1090 2322 ut
1108 2239 1213 2323 ratio
1232 2241 1325 2324 AB
1364 2238 1396 2368 ul

205 2351 327 2464 quad.
352 2353 402 2438 ad
424 2355 498 2436 Ab
513 2358 628 2468 quad.
651 2360 781 2446 minus
801 2360 962 2447 disserat
990 2389 1012 2448 a
1037 2363 1196 2450 ratione
1218 2367 1322 2450 BD
1361 2360 1387 2411 ⁶
1631 2432 1637 2440 -

204 2473 260 2558 ad
282 2471 482 2589 bdquam
502 2504 578 2590 pro
599 2479 829 2570 differentia
842 2485 981 2598 quavis
993 2486 1193 2598 assignata.
1249 2487 1321 2576 Est
1341 2517 1455 2606 ergo,
1473 2520 1547 2611 per
1566 2497 1714 2586 lemma
1734 2513 1772 2603 t,

204 2601 313 2685 ratio
338 2603 478 2688 ultima
502 2607 596 2687 AB
621 2608 736 2720 quad
759 2611 810 2696 ad
833 2613 909 2694 Ab
924 2613 1042 2728 quad.
1064 2613 1209 2702 eadem
1228 2643 1324 2706 cum
1343 2625 1500 2712 ratione
1514 2625 1652 2714 ttltima
1670 2629 1771 2718 BD

206 2723 260 2810 ad
290 2723 362 2810 bd.
464 2728 544 2812 .Ε.
562 2730 625 2814 D.

267 2849 357 2957 Cas
377 2729 660 2942 associomur
683 2859 766 2968 jam
786 2862 886 2950 BD
910 2864 961 2952 ad
980 2868 1081 2954 AD
1101 2869 1145 2954 in
1168 2871 1317 2980 angulo
1337 2877 1482 2988 quovis
1500 2875 1614 2976 dato,
1641 2873 1686 2962 dc
1706 2901 1773 2964 ea·

205 2971 306 3060 dem
326 2976 482 3091 semper
499 2983 577 3067 erit
595 2987 702 3071 ratio
720 2988 859 3076 ultima
881 2992 981 3078 BD
997 2995 1049 3081 ad
1069 2996 1142 3080 bd
1161 3022 1255 3110 quae
1278 3002 1402 3114 prius,
1427 3005 1609 3120 ideoque
1626 3003 1774 3094 eadem

201 3101 372 3182 acAB
397 3105 512 3216 quad.
540 3105 694 3192 adAb
722 3117 839 3226 quad.
897 3116 1022 3234 QE
1041 3119 1104 3204 D.

264 3223 357 3330 Cas
377 3256 410 3326 3·
448 3225 503 3312 Et
535 3237 718 3344 quamvis
742 3243 908 3348 angulos
929 3247 982 3328 D
1002 3270 1088 3331 nott
1116 3244 1251 3347 detur,
1275 3248 1347 3336 sed
1373 3251 1481 3340 resia
1503 3253 1608 3340 BD
1625 3255 1678 3342 ad
1702 3254 1774 3342 da·

202 3364 299 3436 tum
321 3347 517 3459 punslum
542 3381 779 3465 convergat,
806 3367 870 3449 vel
895 3367 970 3452 alia
993 3393 1236 3482 quacunque
1267 3375 1358 3486 lege
1384 3377 1650 3466 constituatur
1671 3415 1684 3479 ς
1713 3399 1775 3472 tae

205 3493 305 3556 men
328 3475 464 3583 anguli
490 3475 555 3574 D,
589 3478 848 3572 deommuni
875 3491 965 3600 lege
990 3492 1196 3580 constituti
1230 3497 1282 3584 ad
1319 3503 1590 3615 equalitatem
1612 3503 1773 3620 semper

204 3617 380 3704 vergent
402 3597 445 3682 dc
471 3604 638 3712 propius
656 3609 855 3696 accedent
876 3615 926 3698 ad
948 3617 1125 3705 invicem
1146 3645 1268 3732 quarn
1291 3649 1368 3736 pro
1389 3624 1618 3717 differentia
1632 3631 1774 3746 quavis
1890 3711 1895 3720 .

204 3717 426 3832 assignata,
445 3724 625 3840 ideoque
653 3732 799 3820 ultimo
827 3743 1001 3850 aequales
1029 3764 1163 3845 erunt,
1199 3774 1272 3860 per
1293 3751 1387 3837 lem.
1417 3779 1454 3854 1,
1485 3753 1773 3870 &propterea

204 3841 324 3928 lineae
351 3847 463 3946 BD,
492 3849 660 3940 bdsunt
679 3857 881 3949 iraeadem
907 3868 1064 3954 ratione
1083 3869 1134 3955 ad
1157 3872 1334 3961 invicem
1353 3903 1401 3964 ac
1418 3879 1539 3990 prius.
1567 3883 1624 4000 Q
1638 3881 1692 3968 E.
1706 3883 1772 3971 D.

264 3970 389 4076 Coros.
414 4000 447 4057 1.
475 3973 599 4064 Unde
621 4007 717 4068 cum
739 4004 947 4096 tangentes
966 3995 1087 4095 AD,
1114 3997 1163 4080 A
1175 3998 1215 4098 d,
1241 4027 1357 4088 arcus
1383 4004 1497 4104 AB,
1524 4006 1617 4107 Ab,
1641 4005 1772 4094 &eo-

206 4118 300 4233 rum
327 4094 430 4182 finus
457 4098 556 4200 BC,
581 4102 640 4186 bc
667 4107 764 4194 fiant
791 4114 937 4202 ultimo
971 4121 1137 4209 chordis
1167 4126 1217 4209 A
1226 4126 1281 4225 B,
1309 4131 1389 4216 Ab
1412 4131 1613 4248 aequalem
1650 4154 1773 4224 erunt

205 4237 328 4306 ettam
349 4222 512 4308 illorum
530 4227 723 4338 quadrata
742 4235 889 4322 ultimo
916 4263 963 4328 ut
982 4243 1178 4335 subtensae
1199 4251 1319 4352 BD,
1346 4253 1423 4340 bd.

262 4343 387 4432 Corol.
412 4375 449 4430 2.
485 4345 725 4444 Eorundem
757 4365 951 4475 quadrata
976 4369 1066 4461 sunt
1094 4375 1217 4464 etiarn
1243 4381 1392 4467 ultimo
1413 4401 1461 4469 ut
1485 4384 1577 4474 sunt
1601 4403 1770 4478 arcuum

206 4463 373 4579 sagitte,
409 4500 503 4588 quae
531 4477 704 4570 chordas
741 4485 918 4585 bisecant
952 4495 1000 4586 dc
1029 4501 1079 4588 ad
1111 4503 1253 4594 datum
1281 4505 1476 4624 punslum
1503 4537 1772 4632 convergunt.

208 4587 315 4704 Nam
332 4598 485 4710 sagitte
500 4606 577 4692 illae
592 4608 682 4704 sunt
701 4632 748 4704 ut
761 4618 955 4714 subtensae
976 4629 1092 4730 BD,
1120 4633 1190 4719 bd.

264 4721 387 4812 Corot.
410 4757 445 4830 3.
472 4729 653 4856 Ideoque
672 4743 812 4856 sagitta
825 4753 882 4839 est
901 4754 944 4841 in
962 4755 1165 4873 duplicata
1183 4763 1340 4858 ratione
1359 4768 1659 4888 temporisquo
1676 4795 1771 4876 cors

204 4867 280 4958 pus
300 4849 394 4941 data
412 4860 630 4960 velocitate
646 4869 841 4966 describit
858 4907 1012 4970 arcum.

972 5003 1010 5094 F
1036 5037 1063 5096 a
1641 5019 1772 5114 Coros.
