<?xml version="1.0" encoding="UTF-8"?>
<!DOCTYPE html PUBLIC "-//W3C//DTD XHTML 1.0 Transitional//EN"
    "http://www.w3.org/TR/xhtml1/DTD/xhtml1-transitional.dtd">
<html xmlns="http://www.w3.org/1999/xhtml" xml:lang="en" lang="en">
 <head>
  <title>
</title>
<meta http-equiv="Content-Type" content="text/html;charset=utf-8" />
  <meta name='ocr-system' content='tesseract 3.04.00' />
  <meta name='ocr-capabilities' content='ocr_page ocr_carea ocr_par ocr_line ocrx_word'/>
</head>
<body>
  <div class='ocr_page' id='page_1' title='image "./philosophinatur00cotegoog_0407.png"; bbox 0 0 4344 5648; ppageno 0'>
   <div class='ocr_carea' id='block_1_1' title="bbox 448 199 1738 410">
    <p class='ocr_par' dir='ltr' id='par_1_1' title="bbox 448 199 1738 410">
     <span class='ocr_line' id='line_1_1' title="bbox 448 199 1738 410; baseline 0 -36"><span class='ocrx_word' id='word_1_1' title='bbox 448 273 547 410; x_wconf 71' lang='lat'>346</span> <span class='ocrx_word' id='word_1_2' title='bbox 705 272 1236 378; x_wconf 74' lang='lat' dir='ltr'>annosorum</span> <span class='ocrx_word' id='word_1_3' title='bbox 1277 199 1738 376; x_wconf 62' lang='lat' dir='ltr'>⁴turtrunatts</span> 
     </span>
    </p>
   </div>
   <div class='ocr_carea' id='block_1_2' title="bbox 234 461 1352 668">
    <p class='ocr_par' dir='ltr' id='par_1_2' title="bbox 234 461 1352 668">
     <span class='ocr_line' id='line_1_2' title="bbox 234 461 420 526; baseline 0.022 -9"><span class='ocrx_word' id='word_1_4' title='bbox 234 462 289 526; x_wconf 74' lang='lat' dir='ltr'>D!</span> <span class='ocrx_word' id='word_1_5' title='bbox 303 461 420 521; x_wconf 80' lang='lat' dir='ltr'>Moru</span> 
     </span>
     <span class='ocr_line' id='line_1_3' title="bbox 240 545 1352 668; baseline 0.059 -66"><span class='ocrx_word' id='word_1_6' title='bbox 240 545 419 607; x_wconf 71' lang='lat' dir='ltr'>convotur</span> <span class='ocrx_word' id='word_1_7' title='bbox 1116 559 1352 668; x_wconf 71' lang='lat' dir='ltr'>Schollum·</span> 
     </span>
    </p>
   </div>
   <div class='ocr_carea' id='block_1_3' title="bbox 319 726 2032 4962">
    <p class='ocr_par' dir='ltr' id='par_1_3' title="bbox 448 726 2032 1092">
     <span class='ocr_line' id='line_1_4' title="bbox 502 726 2032 844; baseline 0.001 -23"><span class='ocrx_word' id='word_1_8' title='bbox 502 733 562 821; x_wconf 92' lang='lat' dir='ltr'>Ut</span> <span class='ocrx_word' id='word_1_9' title='bbox 593 731 830 818; x_wconf 85' lang='lat' dir='ltr'>resrstentias</span> <span class='ocrx_word' id='word_1_10' title='bbox 861 727 1088 818; x_wconf 87' lang='lat' dir='ltr'>fluidorum</span> <span class='ocrx_word' id='word_1_11' title='bbox 1123 726 1406 838; x_wconf 87' lang='lat' dir='ltr'>invelligarem</span> <span class='ocrx_word' id='word_1_12' title='bbox 1443 751 1519 838; x_wconf 88' lang='lat' dir='ltr'>per</span> <span class='ocrx_word' id='word_1_13' title='bbox 1553 727 1845 840; x_wconf 85' lang='lat' dir='ltr'>experimenta,</span> <span class='ocrx_word' id='word_1_14' title='bbox 1885 737 2032 844; x_wconf 86' lang='lat' dir='ltr'>paravi</span> 
     </span>
     <span class='ocr_line' id='line_1_5' title="bbox 448 853 2027 971; baseline 0.001 -27"><span class='ocrx_word' id='word_1_15' title='bbox 448 887 516 944; x_wconf 84' lang='lat' dir='ltr'>vas</span> <span class='ocrx_word' id='word_1_16' title='bbox 544 860 723 967; x_wconf 90' lang='lat' dir='ltr'>ligneum</span> <span class='ocrx_word' id='word_1_17' title='bbox 752 857 1012 971; x_wconf 90' lang='lat' dir='ltr'>quadratum,</span> <span class='ocrx_word' id='word_1_18' title='bbox 1046 853 1380 960; x_wconf 87' lang='lat' dir='ltr'>longitudine&amp;</span> <span class='ocrx_word' id='word_1_19' title='bbox 1420 855 1636 940; x_wconf 90' lang='lat' dir='ltr'>latitudine</span> <span class='ocrx_word' id='word_1_20' title='bbox 1673 859 1830 942; x_wconf 89' lang='lat' dir='ltr'>interna</span> <span class='ocrx_word' id='word_1_21' title='bbox 1868 861 2027 970; x_wconf 90' lang='lat' dir='ltr'>digito-</span> 
     </span>
     <span class='ocr_line' id='line_1_6' title="bbox 448 973 2025 1092; baseline 0 -21"><span class='ocrx_word' id='word_1_22' title='bbox 448 1010 541 1071; x_wconf 87' lang='lat' dir='ltr'>rum</span> <span class='ocrx_word' id='word_1_23' title='bbox 574 1008 725 1066; x_wconf 91' lang='lat' dir='ltr'>novem</span> <span class='ocrx_word' id='word_1_24' title='bbox 763 981 877 1092; x_wconf 87' lang='lat' dir='ltr'>pedis</span> <span class='ocrx_word' id='word_1_25' title='bbox 913 973 1180 1082; x_wconf 83' lang='lat' dir='ltr'>Londinensts‚</span> <span class='ocrx_word' id='word_1_26' title='bbox 1220 975 1499 1086; x_wconf 85' lang='lat' dir='ltr'>profunditate</span> <span class='ocrx_word' id='word_1_27' title='bbox 1543 979 1697 1090; x_wconf 90' lang='lat' dir='ltr'>pedum</span> <span class='ocrx_word' id='word_1_28' title='bbox 1739 1009 1890 1068; x_wconf 89' lang='lat' dir='ltr'>novem</span> <span class='ocrx_word' id='word_1_29' title='bbox 1923 1011 2025 1071; x_wconf 94' lang='lat' dir='ltr'>cum</span> 
     </span>
    </p>

    <p class='ocr_par' dir='ltr' id='par_1_4' title="bbox 319 1099 2022 2212">
     <span class='ocr_line' id='line_1_7' title="bbox 319 1099 2022 1220; baseline -0.001 -25"><span class='ocrx_word' id='word_1_30' title='bbox 319 1102 322 1108; x_wconf 74' lang='grc'><strong>’</strong></span> <span class='ocrx_word' id='word_1_31' title='bbox 450 1106 618 1206; x_wconf 80' lang='lat' dir='ltr'>semisse,</span> <span class='ocrx_word' id='word_1_32' title='bbox 645 1107 840 1219; x_wconf 87' lang='lat' dir='ltr'>idemque</span> <span class='ocrx_word' id='word_1_33' title='bbox 862 1104 1028 1215; x_wconf 91' lang='lat' dir='ltr'>implevi</span> <span class='ocrx_word' id='word_1_34' title='bbox 1048 1127 1149 1216; x_wconf 87' lang='lat' dir='ltr'>aqua</span> <span class='ocrx_word' id='word_1_35' title='bbox 1169 1103 1361 1214; x_wconf 88' lang='lat' dir='ltr'>pluviali;</span> <span class='ocrx_word' id='word_1_36' title='bbox 1400 1099 1443 1186; x_wconf 77' lang='grc' dir='ltr'>δι</span> <span class='ocrx_word' id='word_1_37' title='bbox 1474 1105 1605 1212; x_wconf 85' lang='lat' dir='ltr'>globis</span> <span class='ocrx_word' id='word_1_38' title='bbox 1625 1131 1678 1190; x_wconf 90' lang='lat' dir='ltr'>ex</span> <span class='ocrx_word' id='word_1_39' title='bbox 1696 1133 1790 1192; x_wconf 85' lang='lat' dir='ltr'>cera</span> <span class='ocrx_word' id='word_1_40' title='bbox 1817 1108 1860 1192; x_wconf 81' lang='lat' dir='ltr'>dc</span> <span class='ocrx_word' id='word_1_41' title='bbox 1890 1113 2022 1220; x_wconf 90' lang='lat' dir='ltr'>plum·</span> 
     </span>
     <span class='ocr_line' id='line_1_8' title="bbox 450 1223 2022 1340; baseline 0.001 -20"><span class='ocrx_word' id='word_1_42' title='bbox 450 1237 506 1320; x_wconf 94' lang='lat' dir='ltr'>bo</span> <span class='ocrx_word' id='word_1_43' title='bbox 538 1233 693 1320; x_wconf 90' lang='lat' dir='ltr'>incluso</span> <span class='ocrx_word' id='word_1_44' title='bbox 722 1230 919 1327; x_wconf 83' lang='lat' dir='ltr'>formatis,</span> <span class='ocrx_word' id='word_1_45' title='bbox 948 1229 1086 1312; x_wconf 89' lang='lat' dir='ltr'>notavi</span> <span class='ocrx_word' id='word_1_46' title='bbox 1107 1245 1293 1338; x_wconf 88' lang='lat' dir='ltr'>tempora</span> <span class='ocrx_word' id='word_1_47' title='bbox 1321 1223 1534 1312; x_wconf 91' lang='lat' dir='ltr'>descensus</span> <span class='ocrx_word' id='word_1_48' title='bbox 1561 1231 1795 1340; x_wconf 89' lang='lat' dir='ltr'>globorum,</span> <span class='ocrx_word' id='word_1_49' title='bbox 1824 1235 2022 1322; x_wconf 85' lang='lat' dir='ltr'>exiliente</span> 
     </span>
     <span class='ocr_line' id='line_1_9' title="bbox 449 1353 2020 1468; baseline 0.001 -22"><span class='ocrx_word' id='word_1_50' title='bbox 449 1359 662 1446; x_wconf 88' lang='lat' dir='ltr'>descensus</span> <span class='ocrx_word' id='word_1_51' title='bbox 699 1357 913 1442; x_wconf 80' lang='lat' dir='ltr'>altitudine</span> <span class='ocrx_word' id='word_1_52' title='bbox 960 1379 1032 1434; x_wconf 84' lang='lat'>112</span> <span class='ocrx_word' id='word_1_53' title='bbox 1076 1353 1302 1468; x_wconf 83' lang='lat' dir='ltr'>digitorum</span> <span class='ocrx_word' id='word_1_54' title='bbox 1345 1353 1473 1465; x_wconf 88' lang='lat' dir='ltr'>pedis.</span> <span class='ocrx_word' id='word_1_55' title='bbox 1541 1355 1619 1441; x_wconf 88' lang='lat' dir='ltr'>Pes</span> <span class='ocrx_word' id='word_1_56' title='bbox 1658 1357 1812 1444; x_wconf 89' lang='lat' dir='ltr'>solidus</span> <span class='ocrx_word' id='word_1_57' title='bbox 1852 1365 2020 1462; x_wconf 73' lang='lat' dir='ltr'>cubicus</span> 
     </span>
     <span class='ocr_line' id='line_1_10' title="bbox 450 1476 2022 1598; baseline 0.003 -30"><span class='ocrx_word' id='word_1_58' title='bbox 450 1481 706 1588; x_wconf 76' lang='lat' dir='ltr'>Londinensts</span> <span class='ocrx_word' id='word_1_59' title='bbox 745 1480 931 1564; x_wconf 91' lang='lat' dir='ltr'>continet</span> <span class='ocrx_word' id='word_1_60' title='bbox 964 1485 1014 1578; x_wconf 93' lang='lat'>76</span> <span class='ocrx_word' id='word_1_61' title='bbox 1055 1476 1173 1562; x_wconf 88' lang='lat' dir='ltr'>libras</span> <span class='ocrx_word' id='word_1_62' title='bbox 1209 1477 1409 1560; x_wconf 81' lang='lat' dir='ltr'>Romanas</span> <span class='ocrx_word' id='word_1_63' title='bbox 1447 1504 1563 1592; x_wconf 83' lang='lat' dir='ltr'>aquae</span> <span class='ocrx_word' id='word_1_64' title='bbox 1596 1479 1792 1590; x_wconf 88' lang='lat' dir='ltr'>pluvialis,</span> <span class='ocrx_word' id='word_1_65' title='bbox 1829 1483 2022 1598; x_wconf 86' lang='lat' dir='ltr'>&amp;pedis</span> 
     </span>
     <span class='ocr_line' id='line_1_11' title="bbox 449 1599 2016 1716; baseline -0.003 -25"><span class='ocrx_word' id='word_1_66' title='bbox 449 1608 566 1716; x_wconf 81' lang='lat' dir='ltr'>hujus</span> <span class='ocrx_word' id='word_1_67' title='bbox 593 1607 745 1714; x_wconf 86' lang='lat' dir='ltr'>digitus</span> <span class='ocrx_word' id='word_1_68' title='bbox 765 1603 915 1688; x_wconf 87' lang='lat' dir='ltr'>solidus</span> <span class='ocrx_word' id='word_1_69' title='bbox 940 1602 1127 1686; x_wconf 92' lang='lat' dir='ltr'>continet</span> <span class='ocrx_word' id='word_1_70' title='bbox 1142 1612 1189 1704; x_wconf 49' lang='grc' dir='ltr'>ἐξ</span> <span class='ocrx_word' id='word_1_71' title='bbox 1207 1603 1345 1686; x_wconf 89' lang='lat' dir='ltr'>uncias</span> <span class='ocrx_word' id='word_1_72' title='bbox 1369 1599 1483 1685; x_wconf 84' lang='lat' dir='ltr'>librae</span> <span class='ocrx_word' id='word_1_73' title='bbox 1512 1601 1629 1711; x_wconf 90' lang='lat' dir='ltr'>hujus</span> <span class='ocrx_word' id='word_1_74' title='bbox 1653 1603 1721 1688; x_wconf 90' lang='lat' dir='ltr'>seu</span> <span class='ocrx_word' id='word_1_75' title='bbox 1749 1629 1872 1716; x_wconf 88' lang='lat' dir='ltr'>grana</span> <span class='ocrx_word' id='word_1_76' title='bbox 1891 1623 2016 1713; x_wconf 70' lang='lat' dir='ltr'>253÷r</span> 
     </span>
     <span class='ocr_line' id='line_1_12' title="bbox 450 1723 2018 1842; baseline 0.004 -26"><span class='ocrx_word' id='word_1_77' title='bbox 450 1731 494 1816; x_wconf 72' lang='grc' dir='ltr'>δι</span> <span class='ocrx_word' id='word_1_78' title='bbox 524 1731 668 1842; x_wconf 89' lang='lat' dir='ltr'>globus</span> <span class='ocrx_word' id='word_1_79' title='bbox 699 1753 851 1842; x_wconf 88' lang='lat' dir='ltr'>aqueus</span> <span class='ocrx_word' id='word_1_80' title='bbox 878 1727 1083 1810; x_wconf 86' lang='lat' dir='ltr'>diametro</span> <span class='ocrx_word' id='word_1_81' title='bbox 1115 1727 1235 1836; x_wconf 87' lang='lat' dir='ltr'>digiti</span> <span class='ocrx_word' id='word_1_82' title='bbox 1274 1726 1392 1810; x_wconf 88' lang='lat' dir='ltr'>unius</span> <span class='ocrx_word' id='word_1_83' title='bbox 1424 1723 1650 1840; x_wconf 90' lang='lat' dir='ltr'>descriptus</span> <span class='ocrx_word' id='word_1_84' title='bbox 1680 1730 1866 1814; x_wconf 90' lang='lat' dir='ltr'>continet</span> <span class='ocrx_word' id='word_1_85' title='bbox 1897 1757 2018 1842; x_wconf 88' lang='lat' dir='ltr'>grana</span> 
     </span>
     <span class='ocr_line' id='line_1_13' title="bbox 453 1849 2018 1970; baseline 0.001 -28"><span class='ocrx_word' id='word_1_86' title='bbox 453 1865 622 1962; x_wconf 82' lang='lat'>132‚645</span> <span class='ocrx_word' id='word_1_87' title='bbox 649 1858 690 1940; x_wconf 93' lang='lat' dir='ltr'>in</span> <span class='ocrx_word' id='word_1_88' title='bbox 711 1854 852 1940; x_wconf 92' lang='lat' dir='ltr'>medio</span> <span class='ocrx_word' id='word_1_89' title='bbox 871 1853 986 1948; x_wconf 85' lang='lat' dir='ltr'>aeris,</span> <span class='ocrx_word' id='word_1_90' title='bbox 1013 1852 1078 1934; x_wconf 90' lang='lat' dir='ltr'>vel</span> <span class='ocrx_word' id='word_1_91' title='bbox 1107 1875 1231 1960; x_wconf 90' lang='lat' dir='ltr'>grana</span> <span class='ocrx_word' id='word_1_92' title='bbox 1265 1849 1379 1949; x_wconf 87' lang='lat'>132‚8</span> <span class='ocrx_word' id='word_1_93' title='bbox 1400 1851 1442 1934; x_wconf 94' lang='lat' dir='ltr'>in</span> <span class='ocrx_word' id='word_1_94' title='bbox 1473 1875 1633 1950; x_wconf 87' lang='lat' dir='ltr'>vacuo;</span> <span class='ocrx_word' id='word_1_95' title='bbox 1662 1849 1706 1934; x_wconf 83' lang='lat' dir='ltr'>dt</span> <span class='ocrx_word' id='word_1_96' title='bbox 1728 1853 1872 1961; x_wconf 91' lang='lat' dir='ltr'>globus</span> <span class='ocrx_word' id='word_1_97' title='bbox 1903 1861 2018 1970; x_wconf 89' lang='lat' dir='ltr'>quili-</span> 
     </span>
     <span class='ocr_line' id='line_1_14' title="bbox 449 1971 2018 2090; baseline 0.004 -30"><span class='ocrx_word' id='word_1_98' title='bbox 449 1979 519 2060; x_wconf 89' lang='lat' dir='ltr'>bet</span> <span class='ocrx_word' id='word_1_99' title='bbox 548 1978 645 2060; x_wconf 91' lang='lat' dir='ltr'>alius</span> <span class='ocrx_word' id='word_1_100' title='bbox 667 1975 787 2059; x_wconf 90' lang='lat' dir='ltr'>estut</span> <span class='ocrx_word' id='word_1_101' title='bbox 820 1971 1002 2058; x_wconf 77' lang='lat' dir='ltr'>excelsus</span> <span class='ocrx_word' id='word_1_102' title='bbox 1026 1971 1221 2084; x_wconf 87' lang='lat' dir='ltr'>ponderis</span> <span class='ocrx_word' id='word_1_103' title='bbox 1253 1971 1338 2080; x_wconf 87' lang='lat' dir='ltr'>ejus</span> <span class='ocrx_word' id='word_1_104' title='bbox 1361 1971 1403 2056; x_wconf 95' lang='lat' dir='ltr'>in</span> <span class='ocrx_word' id='word_1_105' title='bbox 1438 1997 1571 2058; x_wconf 91' lang='lat' dir='ltr'>vacuo</span> <span class='ocrx_word' id='word_1_106' title='bbox 1602 1973 1719 2086; x_wconf 88' lang='lat' dir='ltr'>supra</span> <span class='ocrx_word' id='word_1_107' title='bbox 1746 1977 1910 2086; x_wconf 90' lang='lat' dir='ltr'>pondus</span> <span class='ocrx_word' id='word_1_108' title='bbox 1937 1981 2018 2090; x_wconf 83' lang='lat' dir='ltr'>ejus</span> 
     </span>
     <span class='ocr_line' id='line_1_15' title="bbox 449 2099 633 2212; baseline -0.011 -28"><span class='ocrx_word' id='word_1_109' title='bbox 449 2099 492 2184; x_wconf 92' lang='lat' dir='ltr'>in</span> <span class='ocrx_word' id='word_1_110' title='bbox 519 2125 633 2212; x_wconf 89' lang='lat' dir='ltr'>aqua.</span> 
     </span>
    </p>

    <p class='ocr_par' dir='ltr' id='par_1_5' title="bbox 446 2219 2020 2816">
     <span class='ocr_line' id='line_1_16' title="bbox 504 2219 2017 2335; baseline 0.005 -29"><span class='ocrx_word' id='word_1_111' title='bbox 504 2224 661 2335; x_wconf 86' lang='lat' dir='ltr'>Exper.</span> <span class='ocrx_word' id='word_1_112' title='bbox 687 2249 718 2304; x_wconf 89' lang='lat' dir='ltr'>r.</span> <span class='ocrx_word' id='word_1_113' title='bbox 755 2219 932 2318; x_wconf 89' lang='lat' dir='ltr'>Globus,</span> <span class='ocrx_word' id='word_1_114' title='bbox 958 2219 1072 2329; x_wconf 91' lang='lat' dir='ltr'>cujus</span> <span class='ocrx_word' id='word_1_115' title='bbox 1099 2219 1261 2332; x_wconf 89' lang='lat' dir='ltr'>pondus</span> <span class='ocrx_word' id='word_1_116' title='bbox 1288 2237 1374 2304; x_wconf 89' lang='lat' dir='ltr'>erat</span> <span class='ocrx_word' id='word_1_117' title='bbox 1406 2225 1503 2321; x_wconf 55' lang='lat'>154:</span> <span class='ocrx_word' id='word_1_118' title='bbox 1528 2245 1748 2332; x_wconf 90' lang='lat' dir='ltr'>granorum</span> <span class='ocrx_word' id='word_1_119' title='bbox 1780 2224 1825 2310; x_wconf 91' lang='lat' dir='ltr'>in</span> <span class='ocrx_word' id='word_1_120' title='bbox 1855 2253 1947 2312; x_wconf 85' lang='lat' dir='ltr'>aere</span> <span class='ocrx_word' id='word_1_121' title='bbox 1975 2229 2017 2314; x_wconf 74' lang='lat' dir='ltr'>dc</span> 
     </span>
     <span class='ocr_line' id='line_1_17' title="bbox 452 2345 2020 2468; baseline 0.005 -34"><span class='ocrx_word' id='word_1_122' title='bbox 452 2379 501 2454; x_wconf 87' lang='lat'>77</span> <span class='ocrx_word' id='word_1_123' title='bbox 531 2374 751 2459; x_wconf 91' lang='lat' dir='ltr'>granorum</span> <span class='ocrx_word' id='word_1_124' title='bbox 786 2349 829 2432; x_wconf 94' lang='lat' dir='ltr'>in</span> <span class='ocrx_word' id='word_1_125' title='bbox 856 2371 973 2460; x_wconf 87' lang='lat' dir='ltr'>aqua,</span> <span class='ocrx_word' id='word_1_126' title='bbox 1008 2346 1265 2432; x_wconf 84' lang='lat' dir='ltr'>altitudinem</span> <span class='ocrx_word' id='word_1_127' title='bbox 1296 2364 1426 2428; x_wconf 92' lang='lat' dir='ltr'>totam</span> <span class='ocrx_word' id='word_1_128' title='bbox 1455 2345 1683 2454; x_wconf 86' lang='lat' dir='ltr'>digitorum</span> <span class='ocrx_word' id='word_1_129' title='bbox 1721 2375 1794 2432; x_wconf 82' lang='lat'>112</span> <span class='ocrx_word' id='word_1_130' title='bbox 1833 2371 2020 2468; x_wconf 89' lang='lat' dir='ltr'>tempore</span> 
     </span>
     <span class='ocr_line' id='line_1_18' title="bbox 450 2465 2020 2584; baseline 0.002 -23"><span class='ocrx_word' id='word_1_131' title='bbox 450 2478 706 2562; x_wconf 88' lang='lat' dir='ltr'>minutorum</span> <span class='ocrx_word' id='word_1_132' title='bbox 737 2491 915 2584; x_wconf 90' lang='lat' dir='ltr'>quatuor</span> <span class='ocrx_word' id='word_1_133' title='bbox 946 2470 1221 2555; x_wconf 89' lang='lat' dir='ltr'>secundorum</span> <span class='ocrx_word' id='word_1_134' title='bbox 1264 2467 1484 2578; x_wconf 86' lang='lat' dir='ltr'>descripfit.</span> <span class='ocrx_word' id='word_1_135' title='bbox 1550 2465 1607 2553; x_wconf 84' lang='lat' dir='ltr'>Et</span> <span class='ocrx_word' id='word_1_136' title='bbox 1642 2475 1925 2584; x_wconf 87' lang='lat' dir='ltr'>experimento</span> <span class='ocrx_word' id='word_1_137' title='bbox 1956 2508 2020 2564; x_wconf 89' lang='lat' dir='ltr'>re-</span> 
     </span>
     <span class='ocr_line' id='line_1_19' title="bbox 449 2593 2019 2714; baseline 0.004 -29"><span class='ocrx_word' id='word_1_138' title='bbox 449 2601 597 2712; x_wconf 86' lang='lat' dir='ltr'>petito,</span> <span class='ocrx_word' id='word_1_139' title='bbox 626 2597 771 2706; x_wconf 89' lang='lat' dir='ltr'>globus</span> <span class='ocrx_word' id='word_1_140' title='bbox 802 2596 954 2682; x_wconf 90' lang='lat' dir='ltr'>iterum</span> <span class='ocrx_word' id='word_1_141' title='bbox 983 2594 1135 2680; x_wconf 91' lang='lat' dir='ltr'>cecidit</span> <span class='ocrx_word' id='word_1_142' title='bbox 1160 2593 1311 2682; x_wconf 91' lang='lat' dir='ltr'>eodem</span> <span class='ocrx_word' id='word_1_143' title='bbox 1342 2613 1530 2704; x_wconf 90' lang='lat' dir='ltr'>ternpore</span> <span class='ocrx_word' id='word_1_144' title='bbox 1556 2594 1807 2684; x_wconf 89' lang='lat' dir='ltr'>minutorum</span> <span class='ocrx_word' id='word_1_145' title='bbox 1837 2623 2019 2714; x_wconf 89' lang='lat' dir='ltr'>quatuor</span> 
     </span>
     <span class='ocr_line' id='line_1_20' title="bbox 446 2725 735 2816; baseline -0.031 -1"><span class='ocrx_word' id='word_1_146' title='bbox 446 2725 735 2816; x_wconf 89' lang='lat' dir='ltr'>secundorum.</span> 
     </span>
    </p>

    <p class='ocr_par' dir='ltr' id='par_1_6' title="bbox 445 2843 2028 4962">
     <span class='ocr_line' id='line_1_21' title="bbox 503 2843 2020 2964; baseline 0.004 -29"><span class='ocrx_word' id='word_1_147' title='bbox 503 2851 671 2936; x_wconf 87' lang='lat' dir='ltr'>Pondus</span> <span class='ocrx_word' id='word_1_148' title='bbox 692 2847 803 2956; x_wconf 86' lang='lat' dir='ltr'>globi</span> <span class='ocrx_word' id='word_1_149' title='bbox 830 2847 873 2931; x_wconf 92' lang='lat' dir='ltr'>in</span> <span class='ocrx_word' id='word_1_150' title='bbox 904 2871 1037 2930; x_wconf 87' lang='lat' dir='ltr'>vacuo</span> <span class='ocrx_word' id='word_1_151' title='bbox 1068 2845 1125 2928; x_wconf 80' lang='lat' dir='ltr'>eli</span> <span class='ocrx_word' id='word_1_152' title='bbox 1159 2851 1280 2950; x_wconf 47' lang='lat'>1563</span> <span class='ocrx_word' id='word_1_153' title='bbox 1307 2871 1424 2957; x_wconf 85' lang='lat' dir='ltr'>gran.</span> <span class='ocrx_word' id='word_1_154' title='bbox 1446 2843 1491 2931; x_wconf 84' lang='lat' dir='ltr'>dc</span> <span class='ocrx_word' id='word_1_155' title='bbox 1516 2845 1698 2932; x_wconf 82' lang='lat' dir='ltr'>excelsus</span> <span class='ocrx_word' id='word_1_156' title='bbox 1724 2848 1841 2958; x_wconf 84' lang='lat' dir='ltr'>hujus</span> <span class='ocrx_word' id='word_1_157' title='bbox 1866 2854 2020 2964; x_wconf 91' lang='lat' dir='ltr'>ponde-</span> 
     </span>
     <span class='ocr_line' id='line_1_22' title="bbox 447 2969 2019 3090; baseline 0.002 -30"><span class='ocrx_word' id='word_1_158' title='bbox 447 2977 502 3060; x_wconf 81' lang='lat' dir='ltr'>ris</span> <span class='ocrx_word' id='word_1_159' title='bbox 527 2975 644 3086; x_wconf 88' lang='lat' dir='ltr'>supra</span> <span class='ocrx_word' id='word_1_160' title='bbox 671 2970 833 3082; x_wconf 91' lang='lat' dir='ltr'>pondus</span> <span class='ocrx_word' id='word_1_161' title='bbox 860 2970 974 3080; x_wconf 92' lang='lat' dir='ltr'>globi</span> <span class='ocrx_word' id='word_1_162' title='bbox 999 2969 1042 3053; x_wconf 92' lang='lat' dir='ltr'>in</span> <span class='ocrx_word' id='word_1_163' title='bbox 1068 2994 1171 3081; x_wconf 87' lang='lat' dir='ltr'>aqua</span> <span class='ocrx_word' id='word_1_164' title='bbox 1202 2971 1260 3056; x_wconf 84' lang='lat' dir='ltr'>eli</span> <span class='ocrx_word' id='word_1_165' title='bbox 1290 2979 1386 3076; x_wconf 65' lang='lat'><em>79÷÷</em></span> <span class='ocrx_word' id='word_1_166' title='bbox 1403 2997 1521 3080; x_wconf 79' lang='lat' dir='ltr'>gran.</span> <span class='ocrx_word' id='word_1_167' title='bbox 1588 2969 1712 3058; x_wconf 91' lang='lat' dir='ltr'>Unde</span> <span class='ocrx_word' id='word_1_168' title='bbox 1741 2975 1882 3086; x_wconf 89' lang='lat' dir='ltr'>prodit</span> <span class='ocrx_word' id='word_1_169' title='bbox 1909 2981 2019 3090; x_wconf 87' lang='lat' dir='ltr'>globi</span> 
     </span>
     <span class='ocr_line' id='line_1_23' title="bbox 448 3092 2020 3205; baseline 0.003 -20"><span class='ocrx_word' id='word_1_170' title='bbox 448 3101 649 3186; x_wconf 85' lang='lat' dir='ltr'>diameter</span> <span class='ocrx_word' id='word_1_171' title='bbox 682 3095 857 3202; x_wconf 86' lang='lat'>0,84224</span> <span class='ocrx_word' id='word_1_172' title='bbox 895 3095 1072 3204; x_wconf 89' lang='lat' dir='ltr'>partium</span> <span class='ocrx_word' id='word_1_173' title='bbox 1102 3094 1234 3205; x_wconf 88' lang='lat' dir='ltr'>digiti.</span> <span class='ocrx_word' id='word_1_174' title='bbox 1302 3092 1374 3178; x_wconf 88' lang='lat' dir='ltr'>Est</span> <span class='ocrx_word' id='word_1_175' title='bbox 1406 3115 1543 3180; x_wconf 89' lang='lat' dir='ltr'>autem</span> <span class='ocrx_word' id='word_1_176' title='bbox 1576 3117 1623 3180; x_wconf 95' lang='lat' dir='ltr'>ut</span> <span class='ocrx_word' id='word_1_177' title='bbox 1654 3099 1835 3186; x_wconf 82' lang='lat' dir='ltr'>excelsus</span> <span class='ocrx_word' id='word_1_178' title='bbox 1868 3101 1935 3188; x_wconf 91' lang='lat' dir='ltr'>ille</span> <span class='ocrx_word' id='word_1_179' title='bbox 1970 3109 2020 3190; x_wconf 86' lang='lat' dir='ltr'>ad</span> 
     </span>
     <span class='ocr_line' id='line_1_24' title="bbox 446 3219 2019 3338; baseline 0.001 -26"><span class='ocrx_word' id='word_1_180' title='bbox 446 3226 609 3338; x_wconf 87' lang='lat' dir='ltr'>pondus</span> <span class='ocrx_word' id='word_1_181' title='bbox 641 3223 753 3332; x_wconf 91' lang='lat' dir='ltr'>globi</span> <span class='ocrx_word' id='word_1_182' title='bbox 785 3221 826 3306; x_wconf 92' lang='lat' dir='ltr'>in</span> <span class='ocrx_word' id='word_1_183' title='bbox 855 3247 1000 3315; x_wconf 88' lang='lat' dir='ltr'>vacuo,</span> <span class='ocrx_word' id='word_1_184' title='bbox 1028 3221 1084 3304; x_wconf 89' lang='lat' dir='ltr'>ita</span> <span class='ocrx_word' id='word_1_185' title='bbox 1115 3219 1289 3305; x_wconf 78' lang='lat' dir='ltr'>densitas</span> <span class='ocrx_word' id='word_1_186' title='bbox 1321 3245 1438 3332; x_wconf 73' lang='lat' dir='ltr'>aquae</span> <span class='ocrx_word' id='word_1_187' title='bbox 1467 3221 1520 3306; x_wconf 86' lang='lat' dir='ltr'>ad</span> <span class='ocrx_word' id='word_1_188' title='bbox 1557 3220 1798 3310; x_wconf 76' lang='lat' dir='ltr'>densitatem</span> <span class='ocrx_word' id='word_1_189' title='bbox 1821 3228 1946 3336; x_wconf 91' lang='lat' dir='ltr'>globi,</span> <span class='ocrx_word' id='word_1_190' title='bbox 1976 3233 2019 3314; x_wconf 80' lang='lat' dir='ltr'>dt</span> 
     </span>
     <span class='ocr_line' id='line_1_25' title="bbox 446 3341 2018 3462; baseline 0.004 -30"><span class='ocrx_word' id='word_1_191' title='bbox 446 3351 502 3440; x_wconf 89' lang='lat' dir='ltr'>ita</span> <span class='ocrx_word' id='word_1_192' title='bbox 522 3367 655 3462; x_wconf 91' lang='lat' dir='ltr'>partes</span> <span class='ocrx_word' id='word_1_193' title='bbox 684 3341 779 3429; x_wconf 70' lang='lat' dir='ltr'>odio</span> <span class='ocrx_word' id='word_1_194' title='bbox 809 3344 942 3429; x_wconf 84' lang='lat' dir='ltr'>tertiae</span> <span class='ocrx_word' id='word_1_195' title='bbox 973 3341 1163 3428; x_wconf 90' lang='lat' dir='ltr'>diametri</span> <span class='ocrx_word' id='word_1_196' title='bbox 1192 3343 1313 3454; x_wconf 89' lang='lat' dir='ltr'>globi.</span> <span class='ocrx_word' id='word_1_197' title='bbox 1329 3343 1442 3446; x_wconf 85' lang='lat' dir='ltr'>(viz.</span> <span class='ocrx_word' id='word_1_198' title='bbox 1463 3373 1635 3453; x_wconf 89' lang='lat'>2‚24597</span> <span class='ocrx_word' id='word_1_199' title='bbox 1660 3346 1757 3460; x_wconf 82' lang='lat' dir='ltr'>dig.)</span> <span class='ocrx_word' id='word_1_200' title='bbox 1778 3348 1829 3434; x_wconf 90' lang='lat' dir='ltr'>ad</span> <span class='ocrx_word' id='word_1_201' title='bbox 1850 3349 2018 3462; x_wconf 87' lang='lat' dir='ltr'>spatium</span> 
     </span>
     <span class='ocr_line' id='line_1_26' title="bbox 448 3465 2019 3586; baseline 0.003 -27"><span class='ocrx_word' id='word_1_202' title='bbox 448 3473 530 3574; x_wconf 67' lang='lat'>212,</span> <span class='ocrx_word' id='word_1_203' title='bbox 557 3469 672 3586; x_wconf 92' lang='lat' dir='ltr'>quod</span> <span class='ocrx_word' id='word_1_204' title='bbox 694 3465 874 3580; x_wconf 74' lang='lat' dir='ltr'>&#39;proinde</span> <span class='ocrx_word' id='word_1_205' title='bbox 893 3469 971 3553; x_wconf 92' lang='lat' dir='ltr'>erit</span> <span class='ocrx_word' id='word_1_206' title='bbox 1003 3473 1151 3575; x_wconf 86' lang='lat'>4‚4256</span> <span class='ocrx_word' id='word_1_207' title='bbox 1182 3467 1259 3580; x_wconf 83' lang='lat' dir='ltr'>dig.</span> <span class='ocrx_word' id='word_1_208' title='bbox 1316 3466 1477 3554; x_wconf 85' lang='lat' dir='ltr'>Globus</span> <span class='ocrx_word' id='word_1_209' title='bbox 1508 3487 1696 3582; x_wconf 90' lang='lat' dir='ltr'>tempore</span> <span class='ocrx_word' id='word_1_210' title='bbox 1725 3473 1873 3559; x_wconf 90' lang='lat' dir='ltr'>minuti</span> <span class='ocrx_word' id='word_1_211' title='bbox 1904 3480 2019 3564; x_wconf 84' lang='lat' dir='ltr'>unius</span> 
     </span>
     <span class='ocr_line' id='line_1_27' title="bbox 447 3591 2018 3700; baseline 0.001 -14"><span class='ocrx_word' id='word_1_212' title='bbox 447 3596 630 3691; x_wconf 85' lang='lat' dir='ltr'>secundi,</span> <span class='ocrx_word' id='word_1_213' title='bbox 660 3614 753 3677; x_wconf 88' lang='lat' dir='ltr'>toto</span> <span class='ocrx_word' id='word_1_214' title='bbox 775 3593 847 3678; x_wconf 93' lang='lat' dir='ltr'>suo</span> <span class='ocrx_word' id='word_1_215' title='bbox 879 3591 1066 3700; x_wconf 88' lang='lat' dir='ltr'>pondere</span> <span class='ocrx_word' id='word_1_216' title='bbox 1091 3615 1314 3700; x_wconf 87' lang='lat' dir='ltr'>granorum</span> <span class='ocrx_word' id='word_1_217' title='bbox 1338 3599 1471 3694; x_wconf 68' lang='lat' dir='ltr'>15⁶÷b</span> <span class='ocrx_word' id='word_1_218' title='bbox 1499 3593 1689 3677; x_wconf 87' lang='lat' dir='ltr'>cadendo</span> <span class='ocrx_word' id='word_1_219' title='bbox 1718 3595 1760 3680; x_wconf 94' lang='lat' dir='ltr'>in</span> <span class='ocrx_word' id='word_1_220' title='bbox 1789 3623 1920 3684; x_wconf 88' lang='lat' dir='ltr'>vacuo</span> <span class='ocrx_word' id='word_1_221' title='bbox 1950 3603 2018 3688; x_wconf 90' lang='lat' dir='ltr'>de·</span> 
     </span>
     <span class='ocr_line' id='line_1_28' title="bbox 446 3713 2020 3836; baseline 0.011 -40"><span class='ocrx_word' id='word_1_222' title='bbox 446 3713 595 3804; x_wconf 91' lang='lat' dir='ltr'>scribet</span> <span class='ocrx_word' id='word_1_223' title='bbox 632 3715 785 3822; x_wconf 89' lang='lat' dir='ltr'>digitos</span> <span class='ocrx_word' id='word_1_224' title='bbox 821 3726 944 3820; x_wconf 66' lang='lat'>193÷;</span> <span class='ocrx_word' id='word_1_225' title='bbox 985 3713 1028 3796; x_wconf 78' lang='lat' dir='ltr'>de</span> <span class='ocrx_word' id='word_1_226' title='bbox 1066 3715 1252 3822; x_wconf 88' lang='lat' dir='ltr'>pondere</span> <span class='ocrx_word' id='word_1_227' title='bbox 1280 3739 1502 3824; x_wconf 85' lang='lat' dir='ltr'>granorum</span> <span class='ocrx_word' id='word_1_228' title='bbox 1535 3745 1597 3820; x_wconf 86' lang='lat'>77,</span> <span class='ocrx_word' id='word_1_229' title='bbox 1633 3717 1783 3804; x_wconf 85' lang='lat' dir='ltr'>eodem</span> <span class='ocrx_word' id='word_1_230' title='bbox 1822 3743 2020 3836; x_wconf 86' lang='lat' dir='ltr'>tempore,</span> 
     </span>
     <span class='ocr_line' id='line_1_29' title="bbox 446 3836 2018 3956; baseline 0.004 -27"><span class='ocrx_word' id='word_1_231' title='bbox 446 3844 528 3937; x_wconf 86' lang='lat' dir='ltr'>fine</span> <span class='ocrx_word' id='word_1_232' title='bbox 571 3837 789 3928; x_wconf 87' lang='lat' dir='ltr'>resrllentia</span> <span class='ocrx_word' id='word_1_233' title='bbox 827 3838 1017 3921; x_wconf 90' lang='lat' dir='ltr'>cadendo</span> <span class='ocrx_word' id='word_1_234' title='bbox 1064 3836 1108 3922; x_wconf 91' lang='lat' dir='ltr'>in</span> <span class='ocrx_word' id='word_1_235' title='bbox 1163 3864 1266 3949; x_wconf 87' lang='lat' dir='ltr'>aqua</span> <span class='ocrx_word' id='word_1_236' title='bbox 1310 3839 1515 3926; x_wconf 88' lang='lat' dir='ltr'>describet</span> <span class='ocrx_word' id='word_1_237' title='bbox 1555 3843 1709 3952; x_wconf 86' lang='lat' dir='ltr'>digitos</span> <span class='ocrx_word' id='word_1_238' title='bbox 1756 3873 1932 3956; x_wconf 82' lang='lat'>95,219;</span> <span class='ocrx_word' id='word_1_239' title='bbox 1979 3853 2018 3936; x_wconf 74' lang='lat' dir='ltr'>dc</span> 
     </span>
     <span class='ocr_line' id='line_1_30' title="bbox 446 3957 2015 4084; baseline 0.003 -28"><span class='ocrx_word' id='word_1_240' title='bbox 446 3991 635 4080; x_wconf 81' lang='lat' dir='ltr'>tempore</span> <span class='ocrx_word' id='word_1_241' title='bbox 667 3961 725 4060; x_wconf 80' lang='lat' dir='ltr'>G,</span> <span class='ocrx_word' id='word_1_242' title='bbox 753 3961 868 4073; x_wconf 84' lang='lat' dir='ltr'>quod</span> <span class='ocrx_word' id='word_1_243' title='bbox 897 3957 942 4042; x_wconf 80' lang='lat' dir='ltr'>fit</span> <span class='ocrx_word' id='word_1_244' title='bbox 970 3959 1020 4044; x_wconf 87' lang='lat' dir='ltr'>ad</span> <span class='ocrx_word' id='word_1_245' title='bbox 1053 3959 1258 4045; x_wconf 89' lang='lat' dir='ltr'>minutum</span> <span class='ocrx_word' id='word_1_246' title='bbox 1290 3988 1416 4049; x_wconf 91' lang='lat' dir='ltr'>unum</span> <span class='ocrx_word' id='word_1_247' title='bbox 1445 3963 1667 4052; x_wconf 90' lang='lat' dir='ltr'>secundum</span> <span class='ocrx_word' id='word_1_248' title='bbox 1697 3966 1739 4053; x_wconf 90' lang='lat' dir='ltr'>in</span> <span class='ocrx_word' id='word_1_249' title='bbox 1766 3969 2015 4084; x_wconf 85' lang='lat' dir='ltr'>subduplica-</span> 
     </span>
     <span class='ocr_line' id='line_1_31' title="bbox 445 4081 2013 4212; baseline 0.004 -36"><span class='ocrx_word' id='word_1_250' title='bbox 445 4114 485 4178; x_wconf 82' lang='lat' dir='ltr'>ta</span> <span class='ocrx_word' id='word_1_251' title='bbox 504 4092 662 4180; x_wconf 86' lang='lat' dir='ltr'>ratione</span> <span class='ocrx_word' id='word_1_252' title='bbox 678 4085 792 4199; x_wconf 85' lang='lat' dir='ltr'>spatii</span> <span class='ocrx_word' id='word_1_253' title='bbox 817 4081 851 4168; x_wconf 83' lang='lat' dir='ltr'>F</span> <span class='ocrx_word' id='word_1_254' title='bbox 874 4084 943 4169; x_wconf 89' lang='lat' dir='ltr'>seu</span> <span class='ocrx_word' id='word_1_255' title='bbox 966 4083 1109 4182; x_wconf 85' lang='lat'>2,2128</span> <span class='ocrx_word' id='word_1_256' title='bbox 1132 4085 1209 4200; x_wconf 88' lang='lat' dir='ltr'>dig.</span> <span class='ocrx_word' id='word_1_257' title='bbox 1231 4085 1281 4170; x_wconf 88' lang='lat' dir='ltr'>ad</span> <span class='ocrx_word' id='word_1_258' title='bbox 1303 4114 1449 4196; x_wconf 85' lang='lat'>95,219-</span> <span class='ocrx_word' id='word_1_259' title='bbox 1464 4089 1542 4202; x_wconf 80' lang='lat' dir='ltr'>dig.</span> <span class='ocrx_word' id='word_1_260' title='bbox 1559 4090 1762 4178; x_wconf 87' lang='lat' dir='ltr'>describet</span> <span class='ocrx_word' id='word_1_261' title='bbox 1777 4098 1923 4191; x_wconf 87' lang='lat'>2,2128</span> <span class='ocrx_word' id='word_1_262' title='bbox 1943 4100 2013 4212; x_wconf 64' lang='lat' dir='ltr'>dag.</span> 
     </span>
     <span class='ocr_line' id='line_1_32' title="bbox 447 4205 2014 4334; baseline 0.005 -34"><span class='ocrx_word' id='word_1_263' title='bbox 447 4216 490 4300; x_wconf 82' lang='lat' dir='ltr'>dt</span> <span class='ocrx_word' id='word_1_264' title='bbox 525 4215 786 4300; x_wconf 89' lang='lat' dir='ltr'>velocitatem</span> <span class='ocrx_word' id='word_1_265' title='bbox 817 4209 1034 4294; x_wconf 83' lang='lat' dir='ltr'>maximam</span> <span class='ocrx_word' id='word_1_266' title='bbox 1073 4205 1122 4292; x_wconf 92' lang='lat' dir='ltr'><strong>H</strong></span> <span class='ocrx_word' id='word_1_267' title='bbox 1155 4211 1340 4322; x_wconf 88' lang='lat' dir='ltr'>acquiret</span> <span class='ocrx_word' id='word_1_268' title='bbox 1365 4238 1543 4324; x_wconf 89' lang='lat' dir='ltr'>quacum</span> <span class='ocrx_word' id='word_1_269' title='bbox 1573 4215 1707 4324; x_wconf 89' lang='lat' dir='ltr'>potest</span> <span class='ocrx_word' id='word_1_270' title='bbox 1737 4218 1780 4302; x_wconf 93' lang='lat' dir='ltr'>in</span> <span class='ocrx_word' id='word_1_271' title='bbox 1815 4246 1919 4334; x_wconf 86' lang='lat' dir='ltr'>aqua</span> <span class='ocrx_word' id='word_1_272' title='bbox 1946 4222 2014 4308; x_wconf 89' lang='lat' dir='ltr'>de·</span> 
     </span>
     <span class='ocr_line' id='line_1_33' title="bbox 445 4333 2028 4456; baseline 0.005 -32"><span class='ocrx_word' id='word_1_273' title='bbox 445 4341 652 4426; x_wconf 88' lang='lat' dir='ltr'>scendere.</span> <span class='ocrx_word' id='word_1_274' title='bbox 717 4333 789 4422; x_wconf 86' lang='lat' dir='ltr'>Est</span> <span class='ocrx_word' id='word_1_275' title='bbox 821 4335 946 4444; x_wconf 92' lang='lat' dir='ltr'>igitur</span> <span class='ocrx_word' id='word_1_276' title='bbox 977 4355 1137 4446; x_wconf 88' lang='lat' dir='ltr'>tempus</span> <span class='ocrx_word' id='word_1_277' title='bbox 1167 4334 1210 4420; x_wconf 91' lang='lat' dir='ltr'>G</span> <span class='ocrx_word' id='word_1_278' title='bbox 1257 4335 1474 4443; x_wconf 80' lang='lat' dir='ltr'>o&#39;&#39;,15244.</span> <span class='ocrx_word' id='word_1_279' title='bbox 1543 4337 1599 4424; x_wconf 87' lang='lat' dir='ltr'>Et</span> <span class='ocrx_word' id='word_1_280' title='bbox 1630 4343 1711 4427; x_wconf 83' lang='lat' dir='ltr'>lroc</span> <span class='ocrx_word' id='word_1_281' title='bbox 1749 4365 1934 4456; x_wconf 91' lang='lat' dir='ltr'>tempore</span> <span class='ocrx_word' id='word_1_282' title='bbox 1962 4347 2028 4447; x_wconf 64' lang='lat' dir='ltr'>G„</span> 
     </span>
     <span class='ocr_line' id='line_1_34' title="bbox 448 4457 2012 4581; baseline 0.002 -29"><span class='ocrx_word' id='word_1_283' title='bbox 448 4488 544 4552; x_wconf 84' lang='lat' dir='ltr'>curn</span> <span class='ocrx_word' id='word_1_284' title='bbox 576 4464 794 4546; x_wconf 87' lang='lat' dir='ltr'>velocitate</span> <span class='ocrx_word' id='word_1_285' title='bbox 825 4459 891 4548; x_wconf 89' lang='lat' dir='ltr'>illa</span> <span class='ocrx_word' id='word_1_286' title='bbox 923 4459 1095 4542; x_wconf 85' lang='lat' dir='ltr'>maxima</span> <span class='ocrx_word' id='word_1_287' title='bbox 1122 4457 1184 4556; x_wconf 86' lang='lat' dir='ltr'>H,</span> <span class='ocrx_word' id='word_1_288' title='bbox 1211 4460 1354 4570; x_wconf 85' lang='lat' dir='ltr'>globus</span> <span class='ocrx_word' id='word_1_289' title='bbox 1383 4463 1586 4548; x_wconf 89' lang='lat' dir='ltr'>describet</span> <span class='ocrx_word' id='word_1_290' title='bbox 1616 4465 1789 4576; x_wconf 85' lang='lat' dir='ltr'>spatium</span> <span class='ocrx_word' id='word_1_291' title='bbox 1816 4467 1885 4552; x_wconf 86' lang='lat' dir='ltr'>2F</span> <span class='ocrx_word' id='word_1_292' title='bbox 1912 4470 2012 4581; x_wconf 88' lang='lat' dir='ltr'>digi-</span> 
     </span>
     <span class='ocr_line' id='line_1_35' title="bbox 446 4585 2023 4703; baseline 0.003 -28"><span class='ocrx_word' id='word_1_293' title='bbox 446 4613 584 4676; x_wconf 89' lang='lat' dir='ltr'>torum</span> <span class='ocrx_word' id='word_1_294' title='bbox 603 4594 772 4692; x_wconf 82' lang='lat'>4,4256;</span> <span class='ocrx_word' id='word_1_295' title='bbox 793 4585 972 4696; x_wconf 90' lang='lat' dir='ltr'>ideoque</span> <span class='ocrx_word' id='word_1_296' title='bbox 992 4605 1180 4695; x_wconf 88' lang='lat' dir='ltr'>tempore</span> <span class='ocrx_word' id='word_1_297' title='bbox 1197 4587 1449 4671; x_wconf 91' lang='lat' dir='ltr'>minutorum</span> <span class='ocrx_word' id='word_1_298' title='bbox 1466 4611 1642 4703; x_wconf 88' lang='lat' dir='ltr'>quatuor</span> <span class='ocrx_word' id='word_1_299' title='bbox 1656 4591 1933 4682; x_wconf 90' lang='lat' dir='ltr'>secundorum</span> <span class='ocrx_word' id='word_1_300' title='bbox 1948 4597 2023 4680; x_wconf 71' lang='lat' dir='ltr'>de·-</span> 
     </span>
     <span class='ocr_line' id='line_1_36' title="bbox 446 4711 2021 4830; baseline 0.004 -30"><span class='ocrx_word' id='word_1_301' title='bbox 446 4716 593 4801; x_wconf 88' lang='lat' dir='ltr'>scribet</span> <span class='ocrx_word' id='word_1_302' title='bbox 607 4711 777 4830; x_wconf 83' lang='lat' dir='ltr'>spatium</span> <span class='ocrx_word' id='word_1_303' title='bbox 793 4711 1018 4820; x_wconf 90' lang='lat' dir='ltr'>digitorum</span> <span class='ocrx_word' id='word_1_304' title='bbox 1037 4717 1240 4817; x_wconf 81' lang='lat' dir='ltr'>116,r245..</span> <span class='ocrx_word' id='word_1_305' title='bbox 1277 4711 1536 4801; x_wconf 83' lang='lat' dir='ltr'>Subducatur</span> <span class='ocrx_word' id='word_1_306' title='bbox 1555 4716 1725 4828; x_wconf 88' lang='lat' dir='ltr'>spatium</span> <span class='ocrx_word' id='word_1_307' title='bbox 1745 4749 1778 4820; x_wconf 89' lang='lat'>1,</span> <span class='ocrx_word' id='word_1_308' title='bbox 1785 4723 1970 4828; x_wconf 80' lang='lat'>3862944</span> <span class='ocrx_word' id='word_1_309' title='bbox 1983 4720 2011 4806; x_wconf 90' lang='lat' dir='ltr'>F</span> <span class='ocrx_word' id='word_1_310' title='bbox 2015 4729 2021 4738; x_wconf 84' lang='grc'><strong>“</strong></span> 
     </span>
     <span class='ocr_line' id='line_1_37' title="bbox 447 4833 2009 4962; baseline 0.004 -38"><span class='ocrx_word' id='word_1_311' title='bbox 447 4843 516 4926; x_wconf 89' lang='lat' dir='ltr'>seu</span> <span class='ocrx_word' id='word_1_312' title='bbox 545 4839 802 4949; x_wconf 78' lang='lat' dir='ltr'>3‚0676·dig.-</span> <span class='ocrx_word' id='word_1_313' title='bbox 821 4833 865 4920; x_wconf 77' lang='lat' dir='ltr'>dc</span> <span class='ocrx_word' id='word_1_314' title='bbox 894 4837 1073 4922; x_wconf 89' lang='lat' dir='ltr'>manebit</span> <span class='ocrx_word' id='word_1_315' title='bbox 1105 4835 1275 4949; x_wconf 89' lang='lat' dir='ltr'>spatium</span> <span class='ocrx_word' id='word_1_316' title='bbox 1309 4850 1500 4950; x_wconf 86' lang='lat'>113,0569</span> <span class='ocrx_word' id='word_1_317' title='bbox 1528 4843 1754 4954; x_wconf 88' lang='lat' dir='ltr'>digitorum</span> <span class='ocrx_word' id='word_1_318' title='bbox 1787 4849 1905 4962; x_wconf 94' lang='lat' dir='ltr'>quod</span> <span class='ocrx_word' id='word_1_319' title='bbox 1930 4851 2009 4958; x_wconf 89' lang='lat' dir='ltr'>glo-</span> 
     </span>
    </p>
   </div>
   <div class='ocr_carea' id='block_1_4' title="bbox 448 4962 2014 5186">
    <p class='ocr_par' dir='ltr' id='par_1_7' title="bbox 448 4962 2014 5186">
     <span class='ocr_line' id='line_1_38' title="bbox 448 4962 2010 5087; baseline -0.003 -29"><span class='ocrx_word' id='word_1_320' title='bbox 448 4969 521 5060; x_wconf 84' lang='lat' dir='ltr'>bus</span> <span class='ocrx_word' id='word_1_321' title='bbox 542 4965 729 5056; x_wconf 87' lang='lat' dir='ltr'>cadendo</span> <span class='ocrx_word' id='word_1_322' title='bbox 755 4966 796 5050; x_wconf 92' lang='lat' dir='ltr'>in</span> <span class='ocrx_word' id='word_1_323' title='bbox 822 4988 937 5084; x_wconf 79' lang='lat' dir='ltr'>aqua,</span> <span class='ocrx_word' id='word_1_324' title='bbox 966 4967 1008 5050; x_wconf 88' lang='lat' dir='ltr'>in</span> <span class='ocrx_word' id='word_1_325' title='bbox 1031 4962 1122 5056; x_wconf 83' lang='lat' dir='ltr'>vase</span> <span class='ocrx_word' id='word_1_326' title='bbox 1145 4963 1412 5080; x_wconf 55' lang='lat' dir='ltr'>amplillrmo„</span> <span class='ocrx_word' id='word_1_327' title='bbox 1428 4989 1616 5087; x_wconf 78' lang='lat' dir='ltr'>tempore</span> <span class='ocrx_word' id='word_1_328' title='bbox 1645 4975 1902 5062; x_wconf 89' lang='lat' dir='ltr'>minutorum</span> <span class='ocrx_word' id='word_1_329' title='bbox 1922 5000 2010 5086; x_wconf 68' lang='lat' dir='ltr'>qua·</span> 
     </span>
     <span class='ocr_line' id='line_1_39' title="bbox 670 5111 2014 5186; baseline -0.001 -2"><span class='ocrx_word' id='word_1_330' title='bbox 670 5143 675 5152; x_wconf 90' lang='lat'><em>·</em></span> <span class='ocrx_word' id='word_1_331' title='bbox 1114 5125 1117 5128; x_wconf 83' lang='lat'>·</span> <span class='ocrx_word' id='word_1_332' title='bbox 1186 5111 1204 5141; x_wconf 76' lang='grc'>“’</span> <span class='ocrx_word' id='word_1_333' title='bbox 1255 5139 1259 5153; x_wconf 94' lang='grc'>·</span> <span class='ocrx_word' id='word_1_334' title='bbox 1919 5121 2014 5186; x_wconf 91' lang='lat' dir='ltr'>tuor.</span> 
     </span>
    </p>
   </div>
   <div class='ocr_carea' id='block_1_5' title="bbox 0 0 2176 5648">
    <p class='ocr_par' dir='ltr' id='par_1_8' title="bbox 0 0 2176 5648">
     <span class='ocr_line' id='line_1_40' title="bbox 0 0 2176 5648; baseline 0 0"><span class='ocrx_word' id='word_1_335' title='bbox 0 0 2176 5648; x_wconf 95' lang='lat' dir='ltr'> </span> 
     </span>
    </p>
   </div>
  </div>
 </body>
</html>
