4312 5652
422 189 825 290 PRINCIPIA
872 187 1470 284 MATHEMATlCA.
1629 215 1721 308 179

1 365 20 447 πὶ
126 373 286 482 cipes,
312 369 510 455 recedunt
540 370 715 454 tardius:
746 367 939 478 ideoque,
967 366 1123 478 semper
1144 369 1208 449 vel
1233 362 1476 470 retrogradi,
1504 361 1566 444 vel
1592 361 1721 444 llario·
1779 364 1929 466 latret„

10 519 20 600 p
95 601 104 619 ι
131 495 256 577 narii
287 494 445 602 singulis
467 491 791 578 revolutionibus
817 489 1004 574 seruntur
1021 491 1065 574 in
1085 487 1380 573 antecedentia.
1766 443 1928 500 pm*

204 617 342 700 Corol.
364 643 426 700 12.
453 612 610 700 Omnes
627 613 685 698 illi
704 613 746 696 in
769 611 828 693 his
848 611 1069 694 corollariis
1094 609 1283 721 descripti
1315 632 1474 691 errores
1501 606 1590 689 sunt
1609 608 1728 716 paulo

5 751 13 828 'r
132 740 330 850 majores
356 743 399 826 in
427 737 718 849 conjunslione
748 761 972 847 corporum
998 737 1054 833 P,
1088 735 1131 832 S,
1165 761 1287 848 quam
1323 735 1362 819 in
1398 759 1542 818 eorum
1571 734 1729 844 oppost·
1770 836 1775 846 =

1 901 14 928 ν
134 869 299 964 tione;
328 866 456 979 idque
472 866 528 950 ob
548 865 718 972 majores
744 863 850 948 vires
869 883 1109 971 generantes
1126 861 1176 944 M
1183 863 1237 942 M
1254 861 1296 946 δε
1317 862 1374 944 M
1383 860 1434 944 L.

202 992 341 1076 Corol.
365 1017 425 1087 13·
461 987 655 1101 Cumque
679 990 868 1073 arationes
893 989 1041 1074 borum
1070 985 1381 1070 corollariorum
1408 1009 1491 1068 non
1522 984 1729 1091 pendeant

10 1157 14 1210 ς
134 1145 162 1203 a
187 1113 485 1227 magnitudine
501 1113 686 1225 corporis
703 1112 745 1210 S,
774 1111 963 1198 obtinent
981 1109 1256 1222 procedentia
1273 1111 1425 1206 omnia,
1453 1110 1523 1194 ubi
1542 1110 1729 1222 corporis

1 1280 12 1336 ς
139 1243 180 1323 S
209 1260 330 1326 tanta
357 1236 542 1321 statuitur
571 1233 826 1344 magnitudo,
866 1254 913 1322 ut
942 1233 1050 1318 circa
1087 1233 1217 1345 ipsum
1244 1235 1477 1318 revolvatur
1507 1256 1731 1341 corporum

2 1411 13 1464 ς
141 1366 343 1450 duorum
369 1357 411 1444 T
432 1359 476 1443 Sc
504 1360 548 1443 P
571 1359 749 1472 systema.
805 1355 860 1443 Et
889 1384 945 1445 ex
971 1355 1091 1444 audo
1124 1384 1300 1470 corpore
1335 1357 1378 1456 S,
1404 1355 1606 1471 ‘auslaque
1632 1353 1730 1440 ideo

1 1536 6 1570 r
141 1491 281 1603 ipsrus
307 1491 349 1575 vi
373 1486 615 1598 centripeta,
646 1515 669 1570 a
695 1510 775 1599 qua
789 1511 952 1570 errores
972 1487 1158 1597 corporis
1181 1485 1224 1568 P
1246 1485 1448 1582 oriuntur,
1475 1482 1650 1568 evadent
1669 1505 1733 1564 er·

1 1662 10 1713 2
140 1643 275 1706 rores
298 1615 356 1704 illi
381 1635 539 1711 omnen
563 1610 726 1723 paribus
753 1610 964 1710 distantiis,
992 1609 1164 1720 majores
1190 1612 1232 1696 in
1252 1613 1332 1695 boc
1353 1611 1445 1694 casu
1466 1636 1589 1724 quarn
1616 1608 1659 1693 in
1679 1606 1733 1690 al·

1 1789 6 1825 r
143 1764 267 1841 tero,
292 1740 363 1825 ubi
388 1763 538 1851 corpus
561 1737 594 1820 S
612 1737 770 1821 circum
791 1734 959 1848 systema
980 1761 1202 1849 corporum
1221 1737 1264 1822 P
1288 1733 1332 1821 δι
1352 1736 1392 1820 T
1410 1737 1649 1822 revolvitur.

208 1871 343 1956 Coros.
366 1895 426 1973 14.
455 1863 565 1949 Cum
585 1883 723 1947 autem
741 1862 847 1946 vires
862 1861 913 1944 N
920 1861 984 1957 M,
1008 1863 1125 1962 ML,
1142 1866 1212 1950 ubi
1233 1891 1381 1976 corpus
1406 1865 1438 1948 S
1460 1865 1730 1978 longinquum

1 2019 6 2059 ι
143 1993 232 2093 est,
257 1993 334 2080 lint
362 1988 674 2104 quamproxime
702 2007 748 2072 ut
776 1987 835 2072 vis
863 1988 949 2072 SK
973 1985 1019 2073 Sc
1043 1989 1149 2074 ratio
1172 1983 1265 2071 PT
1282 1989 1332 2074 ad
1362 1988 1447 2074 ST
1464 1989 1729 2100 conjunclinn

144 2124 245 2206 hoc
264 2119 334 2214 est,
360 2118 390 2202 st
419 2115 541 2199 detur
562 2134 650 2198 tum
678 2114 862 2198 distantia
887 2111 987 2212 PT,
1015 2133 1105 2199 tum
1120 2115 1305 2226 corporis
1326 2115 1359 2198 S
1381 2117 1657 2212 vis-absoluta,
1683 2135 1731 2202 ut
1879 2121 1888 2134 '

149 2243 338 2328 STcub.
356 2240 571 2349 reciproce
595 2273 606 2333 ;
636 2236 711 2321 srnt
738 2258 874 2322 autern
898 2237 1003 2321 vires
1028 2237 1105 2320 iuae
1124 2236 1179 2320 N
1185 2240 1246 2337 M,
1277 2239 1371 2322 ML
1394 2243 1520 2326 causae
1546 2265 1733 2328 errorum

151 2369 205 2454 de
233 2363 455 2452 effectuum
480 2361 689 2458 omnium,¹
707 2359 760 2446 de
782 2362 929 2474 quibus
947 2363 1082 2446 actum
1102 2363 1159 2448 est
1185 2365 1227 2448 in
1255 2365 1581 2477 praecedentibus
1601 2365 1736 2450 corol-

149 2495 298 2581 lariis:
343 2487 600 2578 manifestum
629 2487 700 2586 esl,
732 2487 849 2600 quod
874 2483 1041 2575 effecius
1068 2489 1125 2576 illi
1151 2516 1308 2590 omnet,
1346 2491 1473 2578 stante
1509 2516 1735 2603 corporum

153 2621 203 2708 T
232 2622 275 2704 δι
303 2621 347 2702 P
378 2617 605 2728 systemate,
634 2613 678 2698 δι
705 2611 872 2698 mutatis
903 2633 1062 2702 tantum
1094 2615 1280 2704 distantia
1308 2614 1458 2700 ST&
1489 2619 1532 2704 vi
1556 2617 1735 2703 absoluta

152 2745 352 2859 corporis
379 2741 422 2838 S,
457 2741 534 2826 sint
564 2741 878 2852 quamproxime
904 2740 948 2826 in
973 2742 1130 2828 ratione
1157 2741 1380 2854 composita
1413 2769 1467 2830 ex
1491 2745 1650 2829 ratione
1670 2741 1734 2854 di·

156 2870 276 2962 resia
298 2871 358 2954 vis
376 2867 569 2952 absolutae
597 2867 780 2976 corporis
801 2866 845 2964 S,
871 2866 916 2949 &
945 2869 1103 2953 ratione
1128 2869 1327 2981 triplicata
1352 2870 1506 2956 inversa
1537 2869 1734 2956 distantiae

158 2997 246 3084 ST.
302 2993 426 3080 Unde
444 2993 473 3078 fi
488 2991 655 3102 systema
674 3017 897 3103 corporum
918 2990 1008 3077 T&
1023 2995 1066 3078 P
1082 2995 1313 3082 revolvatur
1340 2997 1448 3082 circa
1474 3024 1622 3110 corpus
1646 3000 1736 3083 lon·

157 3126 365 3237 ginquum
392 3120 447 3215 S;
490 3119 594 3202 vires
619 3117 697 3200 illae
725 3115 779 3198 N
789 3111 857 3215 M,
883 3117 943 3200 M
955 3118 1007 3219 L,
1043 3118 1088 3203 Sc
1120 3146 1258 3208 earum
1294 3119 1459 3208 effeetus
1493 3146 1612 3209 erunt
1640 3125 1735 3236 (per

158 3249 295 3331 coros.
314 3275 352 3327 2.
372 3242 414 3325 Se
434 3249 469 3324 6.
497 3267 615 3350 prop.
634 3249 712 3346 tv.)
741 3242 953 3348 reciproce
972 3243 1015 3326 in
1038 3241 1240 3350 duplicata
1262 3245 1419 3328 ratione
1447 3248 1639 3356 temporis
1668 3271 1739 3357 pe·

161 3367 330 3452 tiodici.
382 3361 439 3446 Et
472 3361 570 3444 inde
593 3361 729 3451 etiam,
758 3360 786 3443 fi
816 3363 1056 3470 magnitudo
1082 3365 1266 3476 corporis
1295 3365 1328 3446 S
1353 3359 1667 3476 proportionalis
1686 3370 1735 3455 stt

164 3493 289 3606 ipfiur
306 3490 348 3573 vi
366 3485 572 3582 absolutae,
600 3501 721 3569 erunt
743 3487 848 3569 vires
868 3487 947 3570 illae
968 3487 1024 3569 N
1028 3487 1092 3586 M,
1121 3489 1237 3590 ML,
1264 3489 1463 3577 &earum
1486 3491 1653 3580 effeslus
1673 3497 1736 3582 di·

165 3618 278 3706 resse
299 3632 344 3701 ut
367 3613 497 3698 cubus
528 3609 719 3695 diametri
746 3611 975 3722 apparentis
1008 3614 1221 3729 longinqui
1247 3617 1431 3726 corporis
1459 3619 1493 3702 S
1514 3645 1537 3704 e
1558 3647 1735 3732 corpore

166 3737 400 3854 Tspeslati,
430 3736 473 3822 dc
500 3737 592 3820 vice
619 3733 741 3820 versa.
796 3735 985 3848 Namque
1007 3739 1071 3822 hae
1090 3741 1265 3826 rationes
1292 3739 1450 3827 eaedem
1478 3743 1584 3845 sunt,
1611 3766 1735 3862 atque
1782 3737 1784 3744 ’

165 3870 273 3954 ratio
293 3865 475 3976 superior
502 3859 738 3972 composita.

227 3992 353 4076 Coros.
374 4015 434 4090 15.
476 3981 531 4070 Et
559 3987 754 4098 quoniam
786 3986 829 4083 st,
869 3992 1127 4107 manentibus
1159 3993 1321 4077 orbium
1355 3991 1397 4074 E
1408 3991 1493 4078 SE
1519 3997 1567 4081 &¹
1595 3999 1686 4080 PA
1697 3993 1736 4078 Β

169 4123 316 4212 forma,
351 4109 759 4224 proportionibus&
788 4114 1050 4200 inclinatione
1079 4118 1129 4201 ad
1158 4119 1349 4216 invicem,
1377 4141 1559 4207 mutetur
1590 4149 1736 4213 eorum

170 4237 426 4352 magnitudo,
456 4235 499 4319 Sc
522 4235 550 4320 st
570 4259 794 4347 corporum
818 4237 909 4320 S&
931 4237 1046 4324 Tvel
1072 4263 1274 4342 maneant,
1300 4247 1365 4327 vel
1393 4267 1601 4331 mutentur
1633 4250 1738 4338 vires

170 4368 328 4452 indata
355 4363 495 4475 quavis
518 4363 701 4457 rationea
729 4363 793 4445 hae
812 4365 917 4446 vires
948 4365 1047 4472 (hoc
1076 4365 1145 4465 est,
1171 4369 1231 4452 vis
1251 4373 1442 4481 corporis
1468 4371 1515 4471 T,
1544 4401 1623 4486 qua
1647 4405 1738 4462 cor·

172 4517 246 4603 pus
267 4491 310 4572 P
337 4490 390 4572 de
409 4489 525 4571 reolo
543 4488 705 4571 tramite
724 4488 765 4570 in
787 4489 962 4572 orbitam
984 4491 1120 4572 PAB
1138 4491 1371 4591 delleslere,
1400 4493 1441 4579 δι
1470 4500 1528 4583 vis
1553 4505 1737 4614 corporis

175 4619 218 4711 S,
244 4639 324 4724 qua
342 4637 489 4722 corpus
509 4612 620 4698 idem
646 4613 688 4693 P
707 4611 761 4696 de
786 4613 921 4697 orbita
947 4615 1011 4698 illa
1038 4617 1201 4702 deviare
1228 4619 1408 4728 cogitur)
1432 4645 1555 4730 agunt
1579 4629 1737 4738 semper

174 4739 325 4824 eodem
346 4737 489 4834 modo,
519 4738 562 4821 dc
590 4740 735 4823 eadem
760 4741 1056 4851 proportione:
1086 4743 1242 4828 neceffe
1266 4747 1323 4826 ell
1344 4767 1389 4828 ut
1411 4745 1553 4833 firniles
1574 4752 1617 4834 &
1643 4781 1739 4865 prov

170 4863 419 4977 portionales
449 4861 521 4948 srnt
558 4861 726 4950 effectus
760 4889 916 4961 omnes,
951 4865 1340 4982 &proportionalia
1380 4870 1601 4958 effectuum
1638 4900 1740 4963 tem·

890 4995 1029 5073 Λα).
1609 5027 1738 5112 pom
1827 5123 1829 5128 Ι
