4336 5656
409 219 810 323 PRINCIPIA
857 211 1457 320 MATHEMATICA.
1667 235 1731 344 97'

15 456 19 476 .
160 395 354 486 describe
367 397 509 484 'olium
542 396 757 495 circulum,
791 387 984 493 &reda
1013 418 1106 509 quoe
1135 394 1263 506 tangit
1299 393 1409 479 hunc
1442 389 1654 490 circulum,
1696 391 1740 476 dc
1770 390 1909 534 [1⁴¹¹ss
1955 375 1959 386 ’

159 525 306 611 transt
324 547 397 639 per
419 526 663 612 concursum
686 549 852 610 crurum
879 522 976 618 CK,
1006 521 1110 618 ΒΚ,
1137 523 1207 609 ubi
1225 548 1342 606 crura
1368 519 1498 631 prima
1520 521 1617 618 CP,
1637 519 1677 600 B
1690 519 1733 602 P
1800 493 1936 535 ⁸⁸⁸⁸⁸⁸

13 679 19 734 ι
160 672 419 740 concurrunt
440 651 492 736 ad
518 671 707 762 quartum
728 650 868 734 datum
888 643 1098 758 punctum,
1118 649 1196 732 erit
1225 647 1362 755 regula
1391 646 1456 728 issa
1483 643 1601 726 MN
1619 645 1733 752 cujus

161 800 249 886 ope
275 775 507 886 trajeeioria
538 773 802 860 describetur.
858 770 981 856 Unde
1004 771 1126 856 etiam
1152 771 1323 854 vicissim
1354 770 1576 880 trapezium
1602 769 1734 880 specie

160 903 311 990 datum
332 905 379 1012 (sr
405 905 517 990 casus
539 903 708 1015 quidam
735 899 996 1012 impossibiles
1024 901 1294 1010 excipiantur)
1323 900 1363 984 in
1384 898 1476 982 data
1495 900 1633 1008 quavis
1652 897 1738 982 sec·

14 1039 15 1046 ‘
159 1032 283 1117 tione
302 1035 447 1118 conica
465 1033 507 1116 in
528 1029 646 1114 scribi
665 1028 807 1139 potest.

222 1156 326 1243 Sunt
355 1156 492 1242 &alia
517 1159 704 1242 lemmata
731 1180 908 1266 quorum
935 1179 1016 1264 ope
1047 1151 1285 1264 trajesioriae
1312 1154 1444 1266 specie
1475 1154 1594 1250 datae,
1633 1153 1737 1237 daris

160 1281 328 1396 punsiis
360 1285 403 1368 dc
432 1283 701 1394 tangentibus,
728 1279 903 1365 describi
924 1275 1101 1391 possunt.
1159 1277 1256 1387 Ejus
1287 1281 1444 1388 generis
1471 1279 1681 1392 estquod,
1709 1280 1738 1362 si

16 1425 19 1505 ζ
162 1409 278 1496 reeta
301 1411 403 1494 linea
431 1434 503 1520 per
532 1407 726 1519 pundum
750 1406 928 1518 quodvis
949 1404 1149 1515 positione
1164 1405 1307 1489 datum
1336 1405 1523 1503 ducatur,
1552 1431 1646 1518 quae
1669 1407 1738 1490 da·

161 1557 251 1620 tam
279 1535 373 1618 coni
399 1530 618 1618 sessionem
644 1533 687 1616 in
717 1517 874 1640 puntiic
903 1531 1063 1614 duobus
1088 1529 1318 1628 intersecet,
1347 1528 1389 1612 ἃ
1409 1530 1739 1618 intersedionum

13 1685 27 1766 ἱ·
161 1660 426 1746 intervallum
455 1657 668 1755 bisecetur‚
696 1655 891 1767 pundum
919 1652 1144 1740 biseiiionis
1174 1674 1311 1764 tanget
1335 1659 1453 1741 aliam
1485 1657 1581 1741 coni
1598 1656 1739 1742 sessio·

162 1810 264 1868 nem
285 1782 463 1892 ejusdem
482 1780 630 1892 speciei
656 1808 751 1866 curn
788 1781 938 1892 priore,
969 1797 1091 1890 atque
1119 1803 1212 1862 axes
1239 1778 1458 1866 habentem
1482 1782 1627 1894 prioris
1653 1780 1738 1866 axi·

160 1909 242 1996 bus
267 1909 485 2023 parallelos.
543 1907 624 1993 Sed
650 1919 828 2020 propero
858 1905 909 1991 ad
930 1907 1055 2015 magis
1078 1905 1202 1990 utilia.

637 2183 1015 2276 LEMMA
1089 2180 1267 2282 XXVI.

32 2377 38 2385 ’
81 2465 99 2474 ,
164 2368 400 2505 Dianguli
409 2368 561 2508 specie
583 2365 644 2473 ἔθ’
667 2366 968 2501 magnitudine
992 2365 1088 2464 dati
1112 2394 1198 2464 tres
1219 2365 1393 2501 angulos
1420 2365 1487 2464 ad
1511 2365 1653 2466 roilas
1674 2397 1739 2470 to·

240 2523 376 2622 tidem
400 2519 610 2659 poſstione
641 2517 785 2640 datas,
825 2556 922 2654 quae
952 2557 1037 2618 non
1058 2523 1166 2641 fiant
1201 2555 1342 2617 omnes
1362 2518 1615 2658 parallelae,
1670 2561 1739 2622 tn·

238 2676 360 2810 gulos
381 2673 647 2809 adfingulas
660 2702 840 2811 ponere.

225 2916 389 3004 Dantur
416 2917 616 3030 pofitione
642 2936 723 3002 tres
753 2915 874 3002 redae
901 2915 1070 3000 infinitae
1097 2912 1205 3012 AB,
1235 2915 1282 2998 A
1297 2915 1340 3014 C,
1370 2915 1471 3016 BC,
1501 2915 1544 3001 oc
1573 2941 1740 3030 oportet

167 3051 418 3159 triangulum
438 3047 542 3130 DE
552 3045 595 3130 F
607 3045 663 3130 ita
691 3047 839 3141 locare,
868 3065 913 3130 ut
942 3045 1110 3152 angulus
1138 3043 1223 3151 ejus
1247 3043 1298 3126 D
1319 3044 1465 3130 lineam
1487 3047 1592 3144 AB,
1617 3073 1741 3158 angu.

166 3175 232 3259 lus
260 3175 302 3257 E
333 3174 480 3260 lineam
505 3171 608 3270 AC,
644 3171 687 3255 dr
713 3174 880 3282 angulus
910 3171 953 3252 F
965 3172 1113 3254 lineam
1141 3169 1235 3255 BC
1263 3191 1410 3281 tangat.
1467 3172 1596 3284 Super
1623 3175 1743 3272 DE,

170 3302 225 3384 D
240 3299 282 3380 F
309 3297 352 3381 dr
380 3298 422 3378 E
435 3297 477 3378 F
502 3295 688 3380 describe
726 3297 800 3378 tria
832 3296 1079 3378 circulorum
1114 3293 1320 3401 segmenta
1358 3297 1408 3376 D
1422 3296 1463 3378 R
1479 3295 1535 3394 E,
1574 3297 1626 3378 D
1639 3299 1678 3380 G
1692 3291 1743 3402 F,

173 3427 217 3508 E
233 3425 288 3505 M
300 3424 351 3522 F,
385 3447 478 3536 quae
505 3422 663 3531 capiant
692 3421 858 3529 angulos
883 3421 1036 3527 anguiis
1061 3419 1149 3499 BA
1159 3420 1212 3536 C,
1230 3421 1321 3502 AB
1331 3421 1374 3518 C,
1403 3423 1541 3508 ACB
1569 3424 1742 3536 equales

169 3545 405 3660 respective.
462 3543 752 3628 Describuntur
776 3563 917 3628 autem
942 3545 1030 3626 haec
1059 3543 1263 3650 segmenta
1295 3545 1345 3632 ad
1378 3571 1442 3630 eas
1469 3566 1601 3657 partes
1619 3549 1741 3633 linea·

170 3700 264 3760 rum
294 3674 346 3755 D
365 3671 420 3768 E,
450 3671 501 3754 D
524 3669 575 3767 F,
620 3669 661 3750 E
678 3670 731 3768 F,
762 3691 808 3754 ut
843 3671 972 3754 literae
1007 3671 1057 3752 D
1073 3671 1115 3753 R
1135 3669 1176 3750 E
1190 3672 1242 3754 D
1273 3673 1423 3758 eodem
1465 3676 1610 3761 ordine
1644 3701 1741 3762 curn

170 3802 298 3887 literis
326 3799 366 3881 B
387 3799 435 3882 A
452 3798 489 3904 C
504 3795 559 3894 B,
596 3797 722 3882 literae
763 3797 870 3880 DG
892 3797 935 3880 F
952 3797 1004 3880 D
1042 3797 1193 3882 codem
1235 3825 1329 3884 curn
1364 3801 1489 3885 literis
1524 3805 1625 3887 AB
1641 3805 1742 3922 CA,

170 3925 217 4009 dr
258 3927 386 4010 literae
425 3921 466 4003 E
488 3923 547 4005 M
559 3922 603 4004 F
613 3923 655 4006 E
695 3923 845 4008 eodem
883 3950 979 4009 cum
1019 3925 1143 4010 literis
1182 3926 1229 4009 A
1241 3927 1281 4012 C
1294 3927 1389 4008 BA
1420 3929 1461 4012 in
1496 3929 1640 4015 orbem
1678 3959 1740 4016 re·

174 4051 326 4148 deant;
355 4047 505 4132 deinde
524 4049 805 4159 compleantur
827 4050 914 4132 haec
934 4049 1139 4157 segmenta
1161 4053 1395 4136 incirculos
1422 4054 1615 4162 integros.
1671 4056 1741 4140 Se·

173 4199 270 4264 cent
297 4173 440 4262 oirculi
470 4176 555 4257 duo
581 4174 737 4283 priores
765 4173 805 4258 se
837 4197 982 4259 mutuo
1014 4177 1054 4260 in
1085 4177 1137 4270 G,
1172 4179 1329 4290 srntque
1354 4201 1492 4264 centra
1520 4207 1664 4268 eorum
1697 4185 1741 4268 P

175 4302 294 4420 &Q
344 4295 499 4409 Junffis
521 4298 628 4396 GP,
656 4297 769 4420 PQ
799 4323 897 4409 cape
919 4299 996 4380 Ga
1018 4300 1068 4383 ad
1092 4301 1184 4382 AB
1203 4321 1248 4385 ut
1272 4301 1328 4385 est
1352 4303 1516 4390 GPad
1541 4307 1664 4425 PQ
1696 4307 1741 4394 dc

174 4450 318 4516 centro
344 4427 398 4522 G,
428 4426 638 4512 intervallo
663 4426 742 4507 Ga
766 4424 950 4511 describe
969 4427 1181 4528 circulum,
1212 4426 1283 4540 qui
1309 4427 1417 4512 secet
1440 4431 1638 4519 circulum
1657 4435 1741 4546 ‘pri-

175 4579 289 4640 mum
306 4551 473 4638 {DGE
499 4552 543 4636 in
569 4575 606 4634 a.
657 4549 856 4662 Jungatur
887 4573 975 4634 tum
1004 4579 1030 4632 a
1051 4553 1102 4634 D
1130 4553 1264 4637 secans
1294 4554 1492 4652 circulum
1518 4557 1742 4647 secundum

176 4679 282 4763 DF
288 4681 325 4762 G
345 4681 385 4763 in
406 4679 442 4776 b,
470 4701 558 4764 turn
577 4705 603 4758 a
621 4677 663 4759 E
687 4679 823 4762 secans
850 4679 1048 4762 circulum
1077 4681 1242 4764 tertium
1265 4675 1308 4759 E
1317 4677 1375 4760 M
1381 4679 1475 4767 Fin
1498 4711 1529 4768 c.
1585 4685 1640 4770 Et
1659 4687 1741 4794 jam

174 4806 272 4893 licet
285 4803 461 4912 *figuram
481 4803 615 4890 ABC
628 4803 658 4884 d
666 4831 685 4883 e
688 4805 730 4911 f
744 4803 989 4888 constituere
1015 4803 1181 4888 simiiem
1201 4799 1244 4886 dc
1271 4805 1467 4916 aequalem
1494 4808 1633 4919 figurae
1653 4812 1742 4894 abc

176 4932 227 5016 D
241 4927 284 5012 E
297 4927 348 5012 F.
403 4929 502 5040 Quo
521 4925 627 5014 sado
641 4928 857 5040 perficitur
873 4930 1092 5040 problema.

920 5053 962 5137 Ο
1583 5059 1740 5173 Agatur
