4336 5656
427 219 1483 334 rnrnomranmrunmrrtnr.
1681 233 1744 364 89

225 407 353 523 igitltt·
371 409 401 498 si
419 407 547 520 figura
571 407 776 498 reslilinea
800 410 844 496 in
872 410 989 496 aliam
1017 411 1315 498 transmutanda
1342 375 1422 512 est,
1440 410 1589 497 sufficit
1622 411 1746 512 retia·
1804 419 1929 483 Luta

149 568 276 640 tutu,
300 569 323 630 a
346 538 493 653 quibus
523 537 740 634 conflatur,
760 537 1078 626 'intersesiiones
1105 541 1336 639 transferre,
1369 539 1412 624 br
1431 565 1504 652 per
1524 539 1684 624 easdem
1706 541 1750 627 in
1784 503 1946 616 P⁸.¹”'⁸'

147 669 297 778 figtuu
316 693 422 754 nova
442 666 565 752 lineas
589 661 715 751 retias
741 664 906 750 ducere.
964 663 1034 752 Sin
1053 668 1316 754 curvilineam
1335 668 1600 752 'transmutare
1622 691 1745 777 opor·

149 813 244 892 tet,
271 790 551 880 transferenda
569 791 659 878 sunt
681 789 843 900 puntla,
872 783 1099 900 tangentes,
1127 791 1170 878 bc
1196 793 1283 876 aliae
1310 792 1445 889 reslae,
1473 817 1644 905 quarum
1664 817 1745 902 ope

148 947 295 1012 curra
309 921 414 1036 linea
432 918 637 1006 definitur.
690 915 860 1004 lnservit
886 941 1022 1004 autem
1046 917 1127 1005 hoc
1157 921 1305 1004 lemma
1329 919 1520 1003 solutioni
1540 916 1748 1002 diffieilio-

148 1073 265 1138 rum
294 1045 618 1158 problematum,
665 1042 971 1128 transmutando
1009 1044 1157 1154 figurae
1192 1043 1415 1156 proposrtas
1453 1045 1495 1128 iu
1529 1041 1747 1154 fimplicior

145 1197 247 1262 ree.
309 1169 416 1256 Nam
445 1169 565 1256 resia
591 1170 746 1281 quaeris
780 1191 1078 1280 eonvergentet
1111 1170 1424 1258 transmutantur
1456 1171 1498 1252 in
1528 1169 1750 1280 parallelae,-

153 1295 407 1388 adbibendo
434 1323 511 1407 pro
537 1298 655 1382 radio
676 1295 877 1408 ,ordinato
907 1301 1042 1407 primo
1069 1299 1216 1384 lineam
1246 1301 1430 1412 quamvis
1459 1297 1625 1394 retiam,
1654 1321 1748 1409 que

157 1449 249 1534 per
281 1425 526 1512 coneursum
556 1417 897 1531 convergen'tium
930 1424 1100 1520 tranfit;
1141 1424 1268 1540 idque
1302 1425 1398 1536 quia
1430 1423 1664 1510 concursus.
1680 1423 1748 1508 ille

160 1553 255 1636 hoc
284 1552 403 1665 patio
422 1551 504 1636 abit
528 1549 572 1634 in
601 1549 831 1646 infinitum
870 1552 987 1638 lineae
1012 1571 1148 1636 autem
1176 1552 1372 1660 parallelae
1399 1550 1503 1650 sunt,
1538 1575 1632 1664 que
1656 1547 1751 1634 uus·

156 1685 296 1790 quam
328 1694 591 1760 concurrunt.
664 1672 882 1785 Postquam
915 1695 1055 1758 autem
1094 1675 1309 1784 problema
1346 1673 1517 1758 solvitur
1546 1676 1589 1758 in
1621 1671 1750 1783 figura

157 1821 307 1897 nova·
336 1799 364 1886 'sr
386 1827 459 1914 per
477 1799 650 1884 inversas
669 1799 926 1911 operationes
947 1799 1237 1888 transmutetur
1260 1805 1348 1888 haec
1365 1801 1496 1913 ligura
1515 1801 1558 1888 in
1578 1799 1749 1911 figuram

158 1927 361 2038 primam,
392 1925 606 2012 habebitur
626 1925 776 2009 solutio
797 1925 972 2037 quaesrta.

227 2049 342 2137 Utile
373 2054 430 2137 est
455 2053 577 2135 etiam
601 2051 682 2134 hoc
711 2051 895 2135 lemma
886 2077 928 2135 m
954 2051 1155 2138 solutione
1183 2051 1407 2136 solidorum
1434 2023 1749 2163 problematum
1915 2071 1918 2078 ·

162 2173 282 2261 Nam
300 2177 462 2291 quoties
481 2176 575 2258 duae
594 2173 789 2258 seeliones
810 2175 967 2260 conice
990 2175 1247 2272 obvenerint,
1273 2200 1445 2290 quarum
1461 2168 1747 2259 interseffione

163 2301 386 2412 problema
409 2298 507 2384 solvi
529 2297 675 2410 potest,
703 2296 966 2386 transmutare
996 2300 1094 2386 h‘cet
1114 2325 1254 2388 earum
1282 2303 1530 2397 alterutram,
1556 2297 1752 2408 fihyper

163 2427 267 2512 bola
299 2427 346 2510 srt
374 2426 438 2508 vel
472 2425 672 2533 parabola,
706 2423 749 2510 in
782 2419 964 2537 ellipsm:
1002 2427 1154 2514 ddnde
1176 2425 1317 2536 ellipsis
1354 2425 1473 2510 facile
1499 2442 1678 2512 mutatur
1706 2421 1751 2508 io

162 2552 385 2638 circulum.
443 2548 572 2636 Retia
601 2552 703 2637 item
736 2549 780 2636 &
811 2551 935 2638 teoto
963 2555 1123 2650 cortica,
1148 2552 1190 2638 in
1215 2551 1514 2639 conllrutiione
1536 2552 1752 2666 plenorum

164 2677 492 2789 problematum,
518 2699 732 2763 vertuntur
748 2679 791 2764 in
810 2673 961 2764 tesiam
987 2678 1033 2768 δι
1058 2678 1270 2766 circulum.

280 2905 750 3036 puorosrrro
786 2931 948 3038 xxv.
1026 2869 1642 3094 pronuntiaturi.
1736 2847 1745 3002 ἶ

169 3107 493 3252 Trajessoriam
512 3117 766 3248 describere,
795 3159 892 3260 quae
907 3151 995 3266 per
1017 3119 1127 3220 data
1151 3111 1232 3218 duo
1247 3115 1421 3260 panesa
1442 3113 1664 3246 tranfibit,
1687 3109 1749 3224 &¹

524 3273 666 3376 tebias
689 3305 777 3376 tres
799 3278 1014 3413 continget
1029 3305 1093 3416 pn
1109 3273 1240 3374 ttione
1263 3273 1407 3374 datast
1466 3336 1469 3346 ·

232 3507 312 3602 Per
347 3517 526 3604 concurs
522 3539 590 3606 um
621 3523 875 3670 tangentium
915 3548 1096 3644 qual-l
1326 3565 1362 3648 J

175 3644 330 3733 rumvis
355 3642 527 3730 duarum
556 3675 653 3734 cum
682 3648 939 3754 seinvicem,
967 3657 1011 3742 δι
1087 3572 1338 3691 {wi

175 3775 420 3862 concursum
451 3781 651 3890 tangentis
676 3784 808 3870 tertie
828 3813 924 3872 cum
951 3813 1013 3871 ro
1071 3665 1140 4210 N

176 3905 240 3988 ila
265 3906 344 4004 illa,
376 3931 470 4018 quae
506 3935 579 4018 pet
617 3909 763 4021 punita
795 3913 881 4000 duo
915 3916 1009 4000 data

179 4029 329 4128 transt,
358 4057 432 4141 age
458 4037 609 4122 retiam
626 4029 854 4138 infinitame
883 4069 1012 4159 eaque

176 4159 357 4246 adhibita
394 4187 472 4273 pro
498 4164 614 4251 radio
644 4168 834 4255 ordinato
865 4175 1013 4282 primo,
1099 4197 1123 4247 c
1654 4211 1682 4278 o

177 4289 466 4375 transmutetur
494 4293 638 4401 figura,
672 4321 746 4407 per
772 4299 919 4385 lemma
948 4301 1008 4389 su·
1524 4377 1532 4408 .
1820 4403 1822 4412 .

179 4412 325 4525 perius,
357 4415 400 4502 iu
433 4415 605 4530 liguram
636 4445 797 4510 novam
859 4424 902 4514 ln
934 4429 1008 4518 hac
1152 4385 1163 4574 l
1458 4471 1463 4478 ’

181 4535 442 4656 figuratang
443 4565 557 4630 entes
594 4541 672 4632 illae
701 4548 795 4636 due
831 4555 1008 4642 evadent

181 4657 293 4746 sibi
282 4663 459 4754 invicem
493 4670 709 4782 parabole,
757 4671 1006 4786 &tangens
1137 4691 1164 4766 h
1249 4703 1281 4752 a
1583 4689 1607 4760 b
1683 4681 1697 4752 l

182 4785 299 4871 tertia
316 4785 386 4872 siet
407 4794 590 4899 parallela
608 4797 730 4882 reolo
751 4823 825 4912 per
844 4806 991 4912 puritia
1014 4809 1100 4900 duo
1120 4813 1214 4904 data
1233 4813 1466 4908 transeunti.
1523 4818 1653 4914 Sunto
1676 4821 1747 4931 hi,

180 4911 239 5001 tt
261 4933 470 5030 tangentes
489 4919 568 5006 illae
589 4920 682 5012 duae
708 4928 916 5040 parallelo,
944 4933 1000 5018 ik
1020 4959 1188 5054 tangens
1209 4947 1341 5044 tertia,
1371 4946 1414 5031 δι
1432 4951 1458 5033 h
1477 4953 1498 5033 s
1519 4955 1627 5038 resia
1650 4957 1745 5042 huic

947 5059 990 5147 N
1562 5083 1747 5195 parallelo
