4336 5656
462 251 530 379 96
761 251 1292 358 nntnosontttra
1338 257 1792 366 urrunnun

237 423 526 568 Poiplolnffqui
550 425 607 512 sat
628 425 693 534 lit)
722 453 797 537 pro
824 427 978 542 pundo
1004 430 1224 516 comasius.
1281 429 1471 544 Concipe
1500 433 1701 543 tangentia
1725 431 1899 544 cujusvis
1927 459 2049 547 pun·

454 553 568 640 uum
588 555 798 642 contadus
828 557 938 642 abire
969 558 1012 644 in
1035 559 1253 654 inlinitum,
1283 555 1515 670 &tangens
1541 581 1724 648 vertetur
1742 562 1785 650 in
1802 561 2047 674 Asympto
2150 591 2151 660 l

453 699 541 782 ton,
587 703 710 795 atque
744 681 1063 768 conllrudiones
1106 685 1408 795 problematum
1450 684 1774 796 praecedentium
1813 709 2045 776 vertentur

451 809 494 894 in
526 810 844 900 conlltudiones
871 809 941 898 ubi
973 811 1240 922 Asymptotot
1268 809 1399 898 datur.

506 933 725 1049 Postquam
746 933 971 1045 trajestotia
990 934 1189 1046 deleripta
1206 933 1277 1027 cll,
1307 933 1490 1020 invenire
1514 933 1611 1020 licet
1634 961 1728 1022 axes
1746 933 1790 1022 δι
1807 937 2041 1026 umbilicos

454 1061 539 1172 ejus
559 1064 633 1150 hac
654 1061 866 1148 methodo.
921 1059 964 1150 ln
987 1059 1288 1148 contutatione
1317 1055 1360 1142 uc
1390 1056 1517 1168 figura
1543 1061 1742 1150 lemmatis
1765 1089 1861 1150 uxr.
1895 1066 1969 1150 sac
1990 1089 2040 1154 ut

456 1193 696 1302 angulorum
716 1190 929 1276 mobilium
956 1185 1119 1284 PBN,
1146 1188 1189 1274 P
1207 1183 1244 1270 C
1257 1181 1311 1268 N
1321 1211 1440 1270 crura
1461 1185 1566 1288 BP,
1596 1191 1704 1291 CP,
1730 1214 1911 1303 quorum
1933 1222 2036 1282 con-

456 1321 575 1413 cursu
604 1319 832 1430 trajedoria
856 1315 1171 1414 describebatur,
1207 1312 1282 1399 lmt
1308 1311 1378 1398 lrbi
1407 1312 1583 1404 invicem
1611 1319 1806 1429 parallela,
1844 1347 2033 1437 eumque

454 1445 651 1536 servantia
673 1449 790 1531 sttum
806 1445 1064 1529 revolvantur
1085 1441 1194 1524 circa
1213 1437 1329 1550 polos
1342 1436 1430 1522 suos
1455 1439 1507 1538 B,
1527 1444 1618 1530 Cin
1638 1443 1765 1553 figura
1786 1444 1862 1530 illa.
1921 1448 2030 1534 lnte.

453 1603 523 1663 rea
548 1603 647 1664 vero
668 1573 894 1660 describant
919 1570 1043 1654 altera
1067 1566 1309 1676 angulorum
1338 1563 1500 1650 illorum
1522 1595 1641 1655 crura
1666 1568 1764 1665 CN,
1788 1569 1897 1670 BN,
1924 1603 2025 1662 con-

454 1703 574 1791 cursu
604 1699 677 1791 suo
704 1701 751 1786 K
772 1701 838 1784 vel
861 1699 897 1798 l,
930 1695 1130 1781 circulum
1163 1687 1203 1772 B
1221 1689 1259 1772 G
1275 1687 1320 1770 K
1329 1686 1372 1774 C.
1427 1687 1487 1774 Sit
1518 1697 1659 1784 circuli
1689 1693 1804 1804 hujus
1834 1723 2025 1788 centrum

606 2415 611 2446 2
673 2411 680 2452 .··
1126 2419 1132 2453 r

598 2589 625 2664 ti
650 2619 659 2665 t

623 2669 654 2738 tt
1143 2667 1150 2736 t

827 3129 869 3182 att
1257 3109 1296 3166 Μ

459 3223 508 3307 0.
563 3218 633 3308 Ab
652 3221 733 3305 hoc
751 3237 895 3304 centro
913 3217 965 3302 ad
987 3217 1167 3328 regulam
1184 3216 1241 3304 M
1248 3215 1306 3315 Ν,
1335 3217 1526 3333 adquam
1548 3211 1757 3331 alteraflilla
1775 3239 1897 3304 crura
1920 3207 2022 3316 CN,

455 3345 561 3434 BN
583 3349 738 3434 interea
764 3344 1077 3440 concurrebant,
1112 3343 1212 3430 dum
1245 3339 1471 3454 trajesioria
1495 3345 1811 3441 describebatur,
1851 3343 2020 3430 demitte

455 3479 680 3563 normalem
697 3472 794 3555 OH
806 3473 961 3558 circulo
982 3493 1269 3558 occurrentem
1289 3471 1333 3556 in
1352 3471 1400 3554 K
1412 3470 1456 3555 dt
1477 3471 1528 3554 L.
1584 3469 1639 3556 Et
1660 3472 1728 3556 ubi
1747 3497 1865 3556 crura
1888 3470 1955 3554 illa
1972 3473 2020 3556 al·

457 3618 543 3686 tota
561 3601 655 3698 CK,
684 3599 779 3683 BK
792 3623 1044 3685 concurrunt
1065 3599 1115 3684 ad
1139 3599 1334 3709 punctum
1354 3599 1453 3682 illud
1481 3599 1529 3683 K
1546 3593 1660 3714 qu'od
1682 3601 1834 3710 regulae
1855 3603 2020 3708 propius

454 3728 525 3824 cll,
554 3753 670 3811 crura
688 3727 818 3836 prima
838 3727 934 3824 CP,
963 3725 1056 3807 BP
1081 3726 1261 3835 parallelo
1289 3747 1408 3809 erunt
1427 3729 1490 3814 axi
1512 3727 1667 3836 majori,
1694 3725 1734 3810 dc
1757 3727 2021 3837 perpendicu-

453 3845 550 3936 laria
577 3853 751 3950 minori;
781 3849 823 3936 dc
851 3850 1102 3936 contrarium
1129 3853 1305 3947 eveniet,
1328 3853 1495 3936 ficrura
1521 3857 1665 3938 eadem
1693 3873 1944 3940 concurrunt
1970 3847 2022 3936 ad

453 3981 651 4094 poncium
680 3980 878 4064 remotius
905 3975 955 4059 L.
1012 3973 1133 4062 Unde
1164 3977 1192 4062 st
1220 3978 1340 4062 detur
1369 3979 1610 4087 trajedloriae
1631 3999 1834 4073 centrum,
1869 3975 2021 4062 dabun-

452 4125 518 4191 tur
547 4130 650 4188 axes.
706 4101 833 4188 Hisce
852 4125 989 4187 autem
1009 4101 1126 4200 datio,
1152 4102 1335 4187 umbilici
1359 4104 1510 4192 suntin
1534 4127 1718 4214 pompm,

512 4235 667 4317 Axium
698 4257 797 4314 vero
829 4231 1022 4344 quadrata
1054 4229 1144 4315 sunt
1177 4231 1228 4313 ad
1254 4232 1431 4316 invicem
1458 4255 1503 4316 ut
1531 4232 1628 4314 KH
1646 4231 1696 4315 ad
1722 4229 1826 4325 LH,
1855 4227 1897 4312 dt
1925 4221 2020 4312 inde

454 4346 572 4445 facile
603 4359 661 4444 est
682 4351 948 4468 trajectoriam
971 4359 1103 4468 specie
1125 4357 1257 4442 datam
1282 4385 1355 4470 per
1375 4361 1467 4444 data
1497 4383 1673 4474 quatuor
1704 4359 1853 4469 pundia
1875 4357 2020 4439 deleri·

455 4485 567 4577 bere.
620 4487 727 4570 Nam
751 4487 780 4570 fi
807 4487 893 4571 duo
912 4513 962 4571 ert
983 4487 1139 4596 pundis
1160 4485 1263 4570 datis
1282 4487 1576 4578 constituantur
1597 4488 1679 4597 poli
1701 4486 1744 4580 C,
1774 4485 1825 4579 B,
1855 4485 2017 4570 tertium

454 4612 566 4700 dabit
592 4617 757 4725 angulos
778 4615 961 4709 mobiles,
989 4615 1128 4712 PCK,
1157 4615 1289 4700 PBK
1308 4652 1319 4710 ;
1346 4615 1406 4699 ltis
1422 4637 1558 4701 autem
1571 4617 1674 4700 datis
1695 4612 1871 4699 describi
1888 4609 2018 4723 porell

453 4744 628 4828 circulus
668 4744 822 4827 BGK
838 4745 882 4828 C.
946 4741 1062 4828 Tum
1097 4744 1153 4830 ob
1188 4743 1324 4828 datam
1354 4746 1485 4857 specie
1525 4743 1809 4852 trajeciotiam
1860 4741 2017 4825 dabitur

452 4874 556 4959 ratio
582 4873 681 4958 ΘΗ
701 4873 752 4961 ad
778 4871 880 4969 ΘΚ,
908 4870 1087 4986 ideoque
1108 4871 1189 4983 ipsa
1216 4873 1329 4960 OH.
1383 4864 2025 5082 CentroO&interttacl}lgrscrOibsg
2150 4953 2151 4958 a

472 5055 474 5062 ’
2150 5039 2151 5128 l

2140 5217 2151 5622 l
