4450 5674
464 255 500 351 4
741 230 1268 340 PHILOSOPHIAE
1315 229 1780 335 NnTttttnLts.

239 384 455 526 ffiffffl'
471 401 596 513 nique
619 403 720 492 utin
739 407 871 492 coelos
893 407 1036 507 abiret,
1057 407 1100 492 &
1123 428 1239 494 motu
1251 407 1427 495 abeundi
1441 428 1628 519 pergeret
1647 408 1689 492 in
1710 406 1927 494 infinitum.
1999 405 2065 494 Et

454 527 617 612 'eadem
635 531 805 628 ratione,
839 557 919 644 qua
947 532 1154 644 projetiile
1181 533 1222 617 vi
1250 533 1455 644 gravitatis
1477 535 1520 617 in
1538 534 1681 619 orbem
1707 531 1815 616 fletti
1836 527 1980 644 poii'et
2014 533 2064 617 &

470 671 620 742 terram
632 672 761 740 totam
771 657 956 754 circuire,
965 657 1096 770 potest
1107 657 1150 742 δι
1165 660 1256 744 luna
1270 660 1334 744 vel
1348 658 1388 743 vi
1403 659 1622 770 gravitatis,
1643 657 1670 742 st
1688 658 1816 742 modo
1831 658 1973 769 gravis
1990 657 2064 772 fit,

470 780 535 866 vel
555 773 628 866 alia
646 807 888 895 quacunque
908 785 961 880 vi,
998 809 1077 894 qua
1098 781 1307 870 interram
1328 804 1533 892 urgeatur,
1561 784 1711 869 retrahi
1731 783 1927 894 sempera
1953 811 2065 870 cur·
2194 805 2195 808 ‘

470 903 516 992 su
559 903 768 993 restilineo
813 928 962 992 terram
998 907 1147 1006 versus,
1195 906 1317 992 &in
1352 907 1496 993 orbem
1531 908 1646 993 suum
1682 903 1822 990 flecti:
1874 907 1918 995 &
1964 907 2062 992 tine

472 1028 542 1114 tali
572 1031 613 1115 vi
645 1032 736 1117 lu'na
763 1033 806 1117 in
836 1031 937 1118 orbe
967 1029 1038 1116 suo
1065 1031 1233 1116 retineri
1257 1056 1342 1117 non
1367 1032 1510 1143 potest.
1566 1028 1676 1116 Haec
1693 1028 1766 1126 vis,
1795 1029 1823 1115 st
1838 1027 1949 1140 justo
1975 1034 2060 1117 mi·

470 1183 549 1244 nor
585 1154 695 1255 effen
732 1185 817 1244 non
854 1157 944 1242 satis
980 1154 1162 1240 teneret
1192 1157 1328 1242 lunam
1360 1155 1414 1242 de
1446 1159 1563 1244 cursu
1603 1159 1840 1245 refiilineoz
1880 1155 2059 1268 iijusto

466 1283 614 1392 major,
641 1286 728 1397 pius
746 1286 834 1369 satis
854 1282 1053 1382 flecteret,
1081 1309 1127 1366 ac
1148 1281 1201 1366 de
1219 1283 1320 1368 orbe
1343 1300 1493 1369 terram
1515 1285 1650 1370 versus
1679 1285 1918 1372 deduceret.
1959 1283 2057 1371 Re·

470 1413 648 1526 quiritur
679 1417 846 1527 quippe,
871 1433 918 1496 ut
947 1409 993 1494 stt
1013 1411 1128 1520 justae
1157 1409 1474 1522 magnitudinis:
1503 1412 1547 1496 δι
1573 1411 1965 1503 Mathematicorum
1990 1415 2055 1502 est

469 1524 657 1626 invenire
688 1541 787 1639 vim,
821 1564 902 1651 qua
922 1564 1070 1651 corpus
1095 1539 1138 1622 in
1157 1537 1256 1624 dato
1274 1537 1420 1650 quovis
1452 1538 1553 1624 orbe
1579 1539 1673 1626 data
1696 1566 1792 1630 cum
1821 1545 2054 1631 velocitate

470 1689 659 1756 accurate
686 1667 853 1754 retineri
881 1664 1035 1778 possita
1076 1663 1119 1748 δι
1139 1663 1309 1750 viciisnn
1335 1665 1520 1751 invenire
1544 1665 1651 1752 viam
1678 1670 1956 1772 curvilineam‚
2004 1675 2051 1758 in

471 1819 595 1910 quam
622 1823 770 1908 corpus
798 1821 821 1879 e
847 1794 946 1878 dato
973 1793 1119 1906 quovis
1150 1793 1245 1878 loco
1278 1789 1372 1876 date
1398 1818 1495 1878 cum
1526 1795 1746 1880 velocitate
1779 1795 1988 1908 egressum
2025 1825 2054 1888 a

471 1929 562 2014 data
587 1921 628 2005 vi
655 1917 853 2003 fletiatut.
922 1912 994 2000 Est
1024 1937 1159 2002 autem
1187 1914 1247 1998 vis
1273 1911 1389 2023 hujus
1413 1917 1655 2030 centtipetae
1684 1921 1885 2032 quantitas
1913 1923 2050 2016 trium
2193 1969 2195 2016 J

471 2069 688 2170 generum²
712 2045 905 2144 absoluta,
931 2042 1208 2140 acceietatrix,
1235 2039 1278 2126 &
1299 2040 1466 2128 motritn

905 2305 1441 2404 DEFINITIO
1511 2303 1619 2406 Vt·

473 2507 567 2616 Vis
597 2509 847 2648 eenttipetae
879 2503 1109 2644 quantitas.
1133 2501 1328 2628 absoluta
1355 2503 1421 2602 eti
1452 2505 1663 2627 mensura
1681 2503 1868 2636 ejusdem
1895 2519 2043 2642 major

476 2641 486 2784 s
540 2651 624 2778 vel
647 2663 790 2798 minor
806 2691 891 2800 pro
915 2657 1114 2804 ffcacia
1136 2665 1273 2782 eausae
1298 2695 1398 2758 eam
1414 2659 1708 2800 propagantis
1730 2696 1762 2759 a
1789 2689 1931 2764 centro
1948 2695 2045 2806 per

545 2826 735 2960 regiones
761 2822 809 2922 in
835 2817 1031 2920 circuita
1083 2867 1087 2875 ·

481 3125 487 3162 i
529 3073 592 3166 Ut
613 3073 674 3159 vis
692 3068 919 3180 magnetica
938 3090 1015 3179 pro
1039 3062 1147 3150 mole
1166 3064 1364 3178 magnetis
1385 3067 1448 3154 tel
1475 3063 1701 3158 intensione
1721 3069 1882 3160 virtutis
1909 3073 2044 3186 major
2194 3103 2195 3108 ι

474 3203 521 3298 in
536 3228 622 3294 ιιιιο
640 3217 843 3310 magnete,
869 3193 1003 3280 minor
1021 3189 1064 3276 in
1082 3188 1174 3273 alio.
1338 3313 1342 3324 Ι

909 3403 1437 3596 ιιιιιιιιιτιο
1506 3473 1615 3575 vn.

476 3680 536 3794 V
532 3682 569 3786 is
593 3677 842 3820 centripetae
870 3661 1099 3811 quantitas*
1123 3653 1412 3786 acceleratrix
1446 3671 1503 3802 est
1528 3651 1660 3804 istus
1683 3679 1887 3798 menfitra
1919 3679 2041 3780 veln-

635 3817 760 3926 citati
781 3806 1136 3958 proportiomlis,
1176 3845 1314 3942 quam
1339 3808 1441 3908 dato
1463 3838 1657 3950 tempore
1673 3843 1883 3946 generat..
1938 3900 1942 3918 .

532 4065 608 4156 Uti
642 4063 771 4150 virtus
797 4035 993 4170 magnetis
1024 4053 1206 4166 ejusdem.
1229 4051 1357 4163 major
1392 4054 1437 4140 in
1470 4056 1627 4141 minori.
1649 4059 1863 4161 distantia,
1902 4061 2038 4148 minor

477 4189 705 4303 inmajoti:
742 4186 806 4299 vei¹
832 4185 891 4268 vis
919 4184 1117 4304 giavitans
1151 4179 1285 4300 maior·
1303 4180 1345 4266 in
1371 4179 1553 4278 vallibus,
1586 4180 1719 4268 minor
1751 4184 1794 4271 in
1819 4189 2039 4272 cacumini-

477 4328 553 4418 bus
583 4322 757 4432 aitoritm
791 4313 1008 4426 montium,
1044 4325 1166 4422 atque
1202 4307 1337 4392 adhuc
1376 4309 1511 4392 minor
1550 4307 1568 4411 (
1584 4326 1630 4393 ut
1659 4309 1823 4420 posthac
1851 4315 2037 4424 patebit)

478 4452 522 4541 in
553 4426 768 4552 mainiibus
790 4423 983 4522 distantiis
1011 4433 1183 4554 aglobo
1213 4453 1367 4526 terraea
1410 4430 1453 4513 in
1480 4432 1696 4544 aequalibns
1727 4453 1878 4518 autem·
1895 4436 2039 4522 distan-

478 4549 544 4672 tiis
563 4567 710 4653 eadetn'
725 4551 923 4674 undique,
950 4567 1165 4676 propterea
1189 4556 1303 4668 quod
1323 4579 1496 4664 corpora
1515 4559 1652 4640 omnia
1670 4556 1857 4643 cadentia
1885 4561 2041 4669 (gravia

477 4726 530 4785 an
558 4696 686 4798 levia,
718 4717 862 4804 magna
890 4716 939 4775 an
968 4695 1105 4812 parva)
1142 4683 1291 4774 sublata
1320 4683 1423 4770 aeris
1462 4682 1698 4804 tefistentia‚
1739 4688 1947 4799 aequaliter
1973 4718 2038 4776 aa.

435 4819 438 4828 ’
479 4825 649 4912 celerat„

1773 5059 2044 5152 nnntnn.
2194 4995 2195 5002 Ν

2194 5323 2195 5334 ι

2189 5485 2192 5500 i
