4450 5674
490 237 549 334 et
620 189 627 200 ’
757 235 1285 336 rnruosonrnx
1331 237 1786 340 Naxunatrs

254 409 552 504 A¹¹⁰⁸ttovel
578 443 676 505 eum
705 441 785 502 una
815 435 929 530 parte
962 418 1249 529 progredietur
1285 417 1430 504 amilsrs
1460 419 1639 530 partibus
1671 446 1837 518 novem,
1873 425 1954 508 vel
1993 430 2090 538 qui·

286 510 413 553 'SIVE

486 547 596 632 escet
621 541 762 630 amisso
790 569 907 630 motu
926 545 998 630 suo
1021 546 1272 658 progressuro
1297 551 1472 659 partium
1498 545 1657 645 decem,
1686 551 1859 634 velcum
1880 577 1976 635 una
1993 581 2089 662 par·
2183 569 2184 614 l

486 693 529 758 te
555 671 811 783 regredietur
831 671 969 758 amisso
1001 695 1119 758 motu
1138 673 1209 760 luo
1233 671 1274 756 δι
1302 677 1366 778 (ut
1393 675 1448 759 ita
1468 672 1621 787 dicam)
1647 701 1725 760 una
1748 700 1861 788 parte
1886 686 2091 792 amplius,

485 801 551 884 vel
571 799 828 912 regredietur
849 827 944 884 cum
977 801 1158 912 partibus
1182 801 1338 886 duabus
1358 800 1413 886 ob
1439 801 1666 886 detradlum
1694 826 1855 889 motum
1879 809 2089 916 progres-

488 923 617 1008 srvum
642 924 818 1036 partium
840 923 1075 1014 duodecim.
1105 929 1246 1038 Atque
1268 932 1322 1013 ita
1341 926 1507 1010 summae
1528 945 1716 1009 motuum
1748 927 2086 1038 conspirantium

494 1049 702 1156 15†1vel
726 1055 867 1156 16†o,
896 1049 938 1132 de
968 1045 1211 1134 differentiae
1231 1051 1533 1136 contrariorum
1561 1077 1678 1150 17-1
1702 1051 1887 1134 &18-2
1914 1053 2086 1164 semper

490 1194 610 1260 erunt
631 1177 805 1287 partium
827 1173 1048 1272 sexdecim,
1065 1194 1110 1257 ut
1131 1196 1223 1260 ante
1247 1175 1487 1260 concursum
1507 1175 1550 1256 oc
1572 1173 1852 1258 reflexionem.
1916 1177 2082 1286 Cogni-

490 1313 540 1389 tis
568 1325 705 1390 autem
727 1300 906 1387 motibus
935 1301 1175 1413 quibuscum
1200 1329 1372 1416 corpora
1398 1301 1487 1416 post
1508 1301 1778 1390 reflexionem
1799 1325 2002 1414 pergent,
2025 1307 2082 1390 in·

489 1431 679 1514 venietur
707 1429 898 1539 cujusque
931 1429 1136 1524 velocitas,
1163 1430 1358 1540 ponendo
1387 1455 1477 1515 eam
1505 1426 1583 1512 else
1612 1430 1661 1514 ad
1691 1431 1964 1514 velocitatem
1988 1451 2081 1512 ante

491 1554 777 1654 reflexionem,
808 1577 852 1641 ut
868 1555 1174 1665 motuspollell
1193 1557 1417 1642 admotum
1439 1578 1542 1642 ante.
1573 1555 1629 1642 Ut
1649 1557 1690 1642 in
1710 1561 1804 1640 cal'u
1821 1559 1989 1656 ultim0,
2011 1557 2079 1640 ubi

490 1685 676 1794 corporis
689 1685 736 1768 A
752 1701 888 1768 motus
909 1705 993 1766 erat
1014 1683 1188 1792 partium
1208 1684 1277 1767 sex
1291 1705 1383 1768 ante
1407 1685 1676 1769 reflexionem
1696 1685 1939 1794 &partium
1962 1684 2078 1766 otio·

492 1810 630 1896 decim
662 1810 813 1922 postea,
853 1807 1113 1892 &velocitas
1140 1811 1315 1920 partium
1343 1812 1512 1895 duarum
1545 1831 1639 1894 ante
1666 1809 1974 1904 reflexionem3
2020 1811 2076 1891 in·

492 1937 684 2021 venietur
714 1935 798 2044 ejus
825 1934 1016 2019 velocitas
1048 1935 1222 2043 partium
1257 1935 1326 2020 sex
1357 1935 1447 2046 post
1475 1933 1760 2030 reflexionem,
1800 1933 2004 2030 dicendo,
2031 1955 2074 2015 ut

496 2080 635 2145 motus
662 2084 796 2173 partes
820 2063 889 2145 sex
916 2078 1009 2145 ante
1040 2059 1308 2145 reflexionem
1341 2062 1391 2145 ad
1420 2083 1554 2144 motus
1582 2085 1713 2171 partes
1740 2061 1979 2145 octodecim
2002 2087 2072 2171 po·

491 2185 586 2286 slea,
612 2189 668 2272 ita
691 2188 916 2272 velocitatis
941 2205 1075 2297 partes
1095 2188 1187 2273 duae
1213 2206 1306 2272 ante
1326 2183 1595 2270 reflexionem
1613 2186 1664 2271 ad
1686 2186 1913 2270 velocitatis
1936 2206 2073 2296 partes

493 2311 563 2399 sex
589 2314 738 2426 postea.
801 2406 804 2414 ,

546 2429 676 2550 Quod
704 2438 733 2523 st
756 2464 929 2549 corpora
955 2438 1021 2522 vel
1041 2463 1124 2522 non
1148 2437 1338 2549 sphaerica
1363 2439 1427 2522 vel
1448 2435 1613 2520 diversis
1640 2437 1682 2520 iu
1713 2438 1830 2522 redis
1858 2439 2070 2522 moventia

492 2565 676 2652 incidant
704 2565 746 2652 in
766 2565 806 2647 se
831 2584 977 2648 mutuo
1002 2565 1185 2676 oblique,
1213 2561 1533 2676 &requirantur
1561 2587 1705 2646 eorum
1727 2581 1863 2648 motus
1889 2563 1983 2673 post
2008 2588 2068 2646 re·

491 2693 744 2793 ilex-ionem3
781 2691 1091 2802 cognoscendus
1110 2691 1167 2777 est
1186 2691 1279 2776 situs
1300 2692 1407 2803 plani
1431 2716 1558 2802 aquo
1581 2717 1755 2800 corpora
1781 2688 2066 2774 concurrentia

493 2840 714 2932 tanguntur
736 2825 778 2905 in
803 2819 955 2932 punsio
974 2819 1217 2905 concursus:
1249 2821 1345 2906 dein
1364 2819 1550 2930 corporis
1580 2816 1789 2928 utriusque
1817 2837 1955 2902 motus
1978 2821 2065 2926 (per

494 2946 638 3034 Corol.
656 2959 734 3061 11.)
759 2947 1063 3056 distinguendus
1085 2939 1144 3030 eli
1164 2949 1205 3031 in
1229 2949 1345 3048 duos,
1374 2977 1500 3034 unum
1525 2949 1620 3036 huic
1644 2949 1763 3060 plano
1795 2946 2065 3058 perpendicu-

494 3075 635 3174 larem,
670 3075 842 3160 alterum
871 3075 1008 3158 eidem
1036 3075 1289 3182 parallelum:
1328 3099 1465 3161 motus
1494 3097 1629 3161 autem
1665 3075 1857 3186 paralleli,
1902 3091 2064 3184 propte·

495 3229 566 3290 rea
589 3203 706 3318 quod
727 3227 901 3314 corpora
920 3220 1047 3309 agant
1068 3201 1109 3284 in
1137 3200 1176 3285 se
1205 3204 1382 3286 invicem
1403 3205 1627 3288 secundum
1654 3205 1800 3286 lineam
1823 3197 1918 3280 huic
1945 3198 2067 3306 plano

379 3369 382 3374 ¹
493 3331 889 3446 perpendicularem,
924 3325 1128 3410 retinendi
1159 3327 1248 3412 sunt
1275 3328 1401 3412 iidem
1433 3327 1523 3440 post
1549 3325 1817 3412 reflexionem
1844 3340 1970 3431 atque
2000 3343 2062 3400 an·

493 3479 590 3557 tea3
619 3459 661 3542 ἃ
683 3457 862 3542 motibus
883 3455 1283 3566 perpendicularibus
1306 3457 1550 3540 mutationes
1573 3459 1744 3568 aequales
1759 3462 1798 3542 in
1815 3478 1947 3568 partes
1966 3483 2062 3543 eon·

498 3584 636 3668 trarias
667 3581 894 3664 tribuendae
924 3582 1012 3663 sunt
1044 3581 1117 3674 ste,
1156 3601 1201 3661 ut
1231 3581 1384 3664 summa
1413 3581 1726 3688 conspirantium
1765 3581 2064 3669 &differentia

499 3709 797 3795 contrariorum
826 3728 984 3790 maneat
1015 3706 1158 3789 eadem
1187 3732 1279 3817 quae
1311 3707 1434 3815 prius.
1489 3706 1555 3792 Ex
1577 3709 1807 3812 huiusmodi
1833 3707 2063 3796 reflexioni-

498 3837 572 3921 bus
598 3831 696 3918 oriri
723 3832 844 3916 etiam
873 3829 999 3913 solent
1029 3850 1164 3912 motus
1192 3832 1405 3914 circulares
1432 3857 1654 3942 corporum
1676 3835 1784 3916 circa
1810 3858 1951 3919 centra
1970 3859 2061 3946 pro·

497 3965 594 4080 pria.
652 3958 731 4044 Sed
758 3959 831 4042 hos
851 3957 960 4040 casus
979 3957 1020 4038 in
1042 3954 1301 4066 sequentibus
1328 3985 1410 4041 non
1431 3959 1658 4056 considero,
1688 3959 1871 4045 &nimis
1896 3963 2063 4070 longum

500 4093 598 4180 elset
618 4092 757 4180 omnia
787 4091 866 4174 huc
886 4083 1101 4196 spetlantia
1120 4083 1406 4172 demonstrare.
