<?xml version="1.0" encoding="UTF-8"?>
<!DOCTYPE html PUBLIC "-//W3C//DTD XHTML 1.0 Transitional//EN"
    "http://www.w3.org/TR/xhtml1/DTD/xhtml1-transitional.dtd">
<html xmlns="http://www.w3.org/1999/xhtml" xml:lang="en" lang="en">
 <head>
  <title>
</title>
<meta http-equiv="Content-Type" content="text/html;charset=utf-8" />
  <meta name='ocr-system' content='tesseract 3.04.00' />
  <meta name='ocr-capabilities' content='ocr_page ocr_carea ocr_par ocr_line ocrx_word'/>
</head>
<body>
  <div class='ocr_page' id='page_1' title='image "./philosophinatur00cotegoog_0022.png"; bbox 0 0 4450 5674; ppageno 0'>
   <div class='ocr_carea' id='block_1_1' title="bbox 211 507 1769 826">
    <p class='ocr_par' dir='ltr' id='par_1_1' title="bbox 211 507 1769 826">
     <span class='ocr_line' id='line_1_1' title="bbox 211 507 1769 826; baseline 0.006 -14"><span class='ocrx_word' id='word_1_1' title='bbox 211 635 907 818; x_wconf 91' lang='lat' dir='ltr'>EDITORIS</span> <span class='ocrx_word' id='word_1_2' title='bbox 1013 507 1769 826; x_wconf 75' lang='lat' dir='ltr'>PRAEFATIO</span> 
     </span>
    </p>
   </div>
   <div class='ocr_carea' id='block_1_2' title="bbox 955 1093 1036 1168">
    <p class='ocr_par' dir='ltr' id='par_1_2' title="bbox 955 1093 1036 1168">
     <span class='ocr_line' id='line_1_2' title="bbox 955 1093 1036 1168; baseline -0.025 0"><span class='ocrx_word' id='word_1_3' title='bbox 955 1093 1036 1168; x_wconf 94' lang='lat' dir='ltr'>IN</span> 
     </span>
    </p>
   </div>
   <div class='ocr_carea' id='block_1_3' title="bbox 218 1329 1758 1581">
    <p class='ocr_par' dir='ltr' id='par_1_3' title="bbox 218 1329 1758 1581">
     <span class='ocr_line' id='line_1_3' title="bbox 218 1329 1758 1581; baseline 0 -29"><span class='ocrx_word' id='word_1_4' title='bbox 218 1573 222 1581; x_wconf 55' lang='grc'>,</span> <span class='ocrx_word' id='word_1_5' title='bbox 351 1415 971 1556; x_wconf 71' lang='lat' dir='ltr'>unitionem</span> <span class='ocrx_word' id='word_1_6' title='bbox 1042 1329 1672 1558; x_wconf 56' lang='lat' dir='ltr'>secunuamss</span> <span class='ocrx_word' id='word_1_7' title='bbox 1756 1573 1758 1576; x_wconf 74' lang='lat'>.</span> 
     </span>
    </p>
   </div>
   <div class='ocr_carea' id='block_1_4' title="bbox 209 1893 1779 3139">
    <p class='ocr_par' dir='ltr' id='par_1_4' title="bbox 209 1893 1779 3139">
     <span class='ocr_line' id='line_1_4' title="bbox 404 1893 1772 2011; baseline -0.002 -25"><span class='ocrx_word' id='word_1_8' title='bbox 404 1895 725 1986; x_wconf 72' lang='lat' dir='ltr'>Ewrorirnnm</span> <span class='ocrx_word' id='word_1_9' title='bbox 757 1896 1022 2011; x_wconf 70' lang='lat' dir='ltr'>philosophie</span> <span class='ocrx_word' id='word_1_10' title='bbox 1050 1923 1200 1984; x_wconf 88' lang='lat' dir='ltr'>novam</span> <span class='ocrx_word' id='word_1_11' title='bbox 1238 1898 1335 1997; x_wconf 90' lang='lat' dir='ltr'>tibi,</span> <span class='ocrx_word' id='word_1_12' title='bbox 1384 1893 1513 1981; x_wconf 74' lang='lat' dir='ltr'>ledor</span> <span class='ocrx_word' id='word_1_13' title='bbox 1552 1896 1772 2005; x_wconf 87' lang='lat' dir='ltr'>benevole,</span> 
     </span>
     <span class='ocr_line' id='line_1_5' title="bbox 212 1907 1773 2219; baseline -0.002 -112"><span class='ocrx_word' id='word_1_14' title='bbox 212 1907 387 2219; x_wconf 87' lang='lat' dir='ltr'>N</span> <span class='ocrx_word' id='word_1_15' title='bbox 418 2021 571 2134; x_wconf 92' lang='lat' dir='ltr'>diuque</span> <span class='ocrx_word' id='word_1_16' title='bbox 600 2021 866 2108; x_wconf 89' lang='lat' dir='ltr'>desideratam</span> <span class='ocrx_word' id='word_1_17' title='bbox 899 2021 1150 2123; x_wconf 87' lang='lat' dir='ltr'><strong>editionem,</strong></span> <span class='ocrx_word' id='word_1_18' title='bbox 1183 2023 1404 2137; x_wconf 88' lang='lat' dir='ltr'>plurimum</span> <span class='ocrx_word' id='word_1_19' title='bbox 1437 2045 1546 2104; x_wconf 91' lang='lat' dir='ltr'>nunc</span> <span class='ocrx_word' id='word_1_20' title='bbox 1581 2021 1773 2106; x_wconf 87' lang='lat' dir='ltr'>emenda·</span> 
     </span>
     <span class='ocr_line' id='line_1_6' title="bbox 419 2141 1774 2259; baseline -0.001 -30"><span class='ocrx_word' id='word_1_21' title='bbox 419 2165 501 2230; x_wconf 88' lang='lat' dir='ltr'>tarn</span> <span class='ocrx_word' id='word_1_22' title='bbox 533 2165 655 2259; x_wconf 91' lang='lat' dir='ltr'>atque</span> <span class='ocrx_word' id='word_1_23' title='bbox 673 2141 895 2232; x_wconf 73' lang='lat' dir='ltr'>aussiorem</span> <span class='ocrx_word' id='word_1_24' title='bbox 925 2147 1177 2232; x_wconf 86' lang='lat' dir='ltr'>exhibemus.</span> <span class='ocrx_word' id='word_1_25' title='bbox 1233 2145 1341 2258; x_wconf 86' lang='lat' dir='ltr'>Quae</span> <span class='ocrx_word' id='word_1_26' title='bbox 1361 2142 1612 2256; x_wconf 89' lang='lat' dir='ltr'>potissimum</span> <span class='ocrx_word' id='word_1_27' title='bbox 1642 2145 1774 2228; x_wconf 86' lang='lat' dir='ltr'>conti·</span> 
     </span>
     <span class='ocr_line' id='line_1_7' title="bbox 209 2269 1774 2386; baseline -0.001 -30"><span class='ocrx_word' id='word_1_28' title='bbox 209 2287 383 2356; x_wconf 88' lang='lat' dir='ltr'>neantur</span> <span class='ocrx_word' id='word_1_29' title='bbox 412 2270 453 2356; x_wconf 92' lang='lat' dir='ltr'>in</span> <span class='ocrx_word' id='word_1_30' title='bbox 485 2271 566 2356; x_wconf 93' lang='lat' dir='ltr'>hoc</span> <span class='ocrx_word' id='word_1_31' title='bbox 603 2295 730 2386; x_wconf 90' lang='lat' dir='ltr'>opere</span> <span class='ocrx_word' id='word_1_32' title='bbox 756 2273 1046 2370; x_wconf 91' lang='lat' dir='ltr'>celeberrimo,</span> <span class='ocrx_word' id='word_1_33' title='bbox 1082 2271 1310 2382; x_wconf 85' lang='lat' dir='ltr'>intelligere</span> <span class='ocrx_word' id='word_1_34' title='bbox 1344 2290 1461 2382; x_wconf 86' lang='lat' dir='ltr'>potes</span> <span class='ocrx_word' id='word_1_35' title='bbox 1493 2297 1547 2355; x_wconf 88' lang='lat' dir='ltr'>ex</span> <span class='ocrx_word' id='word_1_36' title='bbox 1571 2269 1774 2354; x_wconf 84' lang='lat' dir='ltr'>indicibus</span> 
     </span>
     <span class='ocr_line' id='line_1_8' title="bbox 209 2391 1774 2512; baseline 0 -33"><span class='ocrx_word' id='word_1_37' title='bbox 209 2391 393 2512; x_wconf 73' lang='lat' dir='ltr'>adjeslis:</span> <span class='ocrx_word' id='word_1_38' title='bbox 435 2419 528 2509; x_wconf 87' lang='lat' dir='ltr'>quae</span> <span class='ocrx_word' id='word_1_39' title='bbox 559 2397 627 2483; x_wconf 89' lang='lat' dir='ltr'>vel</span> <span class='ocrx_word' id='word_1_40' title='bbox 656 2397 857 2484; x_wconf 83' lang='lat' dir='ltr'>addantur</span> <span class='ocrx_word' id='word_1_41' title='bbox 886 2399 952 2484; x_wconf 87' lang='lat' dir='ltr'>vel</span> <span class='ocrx_word' id='word_1_42' title='bbox 979 2397 1262 2498; x_wconf 86' lang='lat' dir='ltr'>immutentur,</span> <span class='ocrx_word' id='word_1_43' title='bbox 1306 2395 1389 2509; x_wconf 90' lang='lat' dir='ltr'>ipsa</span> <span class='ocrx_word' id='word_1_44' title='bbox 1420 2417 1463 2480; x_wconf 94' lang='lat' dir='ltr'>te</span> <span class='ocrx_word' id='word_1_45' title='bbox 1482 2395 1570 2481; x_wconf 89' lang='lat' dir='ltr'>sere</span> <span class='ocrx_word' id='word_1_46' title='bbox 1604 2395 1774 2481; x_wconf 86' lang='lat' dir='ltr'>docebit</span> 
     </span>
     <span class='ocr_line' id='line_1_9' title="bbox 210 2521 1775 2639; baseline 0 -34"><span class='ocrx_word' id='word_1_47' title='bbox 210 2521 383 2607; x_wconf 73' lang='lat' dir='ltr'>audoris</span> <span class='ocrx_word' id='word_1_48' title='bbox 412 2523 610 2634; x_wconf 88' lang='lat' dir='ltr'>praesatio.</span> <span class='ocrx_word' id='word_1_49' title='bbox 665 2521 890 2639; x_wconf 89' lang='lat' dir='ltr'>Reliquum</span> <span class='ocrx_word' id='word_1_50' title='bbox 922 2523 1001 2627; x_wconf 89' lang='lat' dir='ltr'>est,</span> <span class='ocrx_word' id='word_1_51' title='bbox 1041 2544 1087 2611; x_wconf 94' lang='lat' dir='ltr'>ut</span> <span class='ocrx_word' id='word_1_52' title='bbox 1114 2523 1356 2636; x_wconf 84' lang='lat' dir='ltr'>adjiciantur</span> <span class='ocrx_word' id='word_1_53' title='bbox 1384 2521 1579 2609; x_wconf 87' lang='lat' dir='ltr'>nonnulla</span> <span class='ocrx_word' id='word_1_54' title='bbox 1603 2521 1659 2606; x_wconf 90' lang='lat' dir='ltr'>de</span> <span class='ocrx_word' id='word_1_55' title='bbox 1687 2545 1775 2606; x_wconf 90' lang='lat' dir='ltr'>me·</span> 
     </span>
     <span class='ocr_line' id='line_1_10' title="bbox 211 2647 781 2762; baseline 0.011 -30"><span class='ocrx_word' id='word_1_56' title='bbox 211 2647 343 2734; x_wconf 91' lang='lat' dir='ltr'>thodo</span> <span class='ocrx_word' id='word_1_57' title='bbox 365 2651 482 2756; x_wconf 90' lang='lat' dir='ltr'>hujus</span> <span class='ocrx_word' id='word_1_58' title='bbox 504 2649 781 2762; x_wconf 90' lang='lat' dir='ltr'>philosophiae.</span> 
     </span>
     <span class='ocr_line' id='line_1_11' title="bbox 266 2769 1775 2887; baseline 0 -29"><span class='ocrx_word' id='word_1_59' title='bbox 266 2774 353 2886; x_wconf 92' lang='lat' dir='ltr'>Qui</span> <span class='ocrx_word' id='word_1_60' title='bbox 381 2773 584 2884; x_wconf 87' lang='lat' dir='ltr'>physicam</span> <span class='ocrx_word' id='word_1_61' title='bbox 614 2775 864 2862; x_wconf 79' lang='lat' dir='ltr'>traslandam</span> <span class='ocrx_word' id='word_1_62' title='bbox 883 2773 1160 2887; x_wconf 88' lang='lat' dir='ltr'>susceperunt,</span> <span class='ocrx_word' id='word_1_63' title='bbox 1188 2774 1241 2860; x_wconf 88' lang='lat' dir='ltr'>ad</span> <span class='ocrx_word' id='word_1_64' title='bbox 1268 2792 1350 2859; x_wconf 84' lang='lat' dir='ltr'>tres</span> <span class='ocrx_word' id='word_1_65' title='bbox 1378 2773 1466 2858; x_wconf 87' lang='lat' dir='ltr'>fere</span> <span class='ocrx_word' id='word_1_66' title='bbox 1486 2769 1623 2857; x_wconf 86' lang='lat' dir='ltr'>classes</span> <span class='ocrx_word' id='word_1_67' title='bbox 1656 2797 1775 2858; x_wconf 79' lang='lat' dir='ltr'>revo·</span> 
     </span>
     <span class='ocr_line' id='line_1_12' title="bbox 210 2897 1778 3014; baseline 0 -29"><span class='ocrx_word' id='word_1_68' title='bbox 210 2901 294 2985; x_wconf 85' lang='lat' dir='ltr'>cari</span> <span class='ocrx_word' id='word_1_69' title='bbox 312 2897 484 3013; x_wconf 90' lang='lat' dir='ltr'>possunt.</span> <span class='ocrx_word' id='word_1_70' title='bbox 529 2899 771 2987; x_wconf 84' lang='lat' dir='ltr'>Extiterunt</span> <span class='ocrx_word' id='word_1_71' title='bbox 791 2903 915 2998; x_wconf 91' lang='lat' dir='ltr'>enim,</span> <span class='ocrx_word' id='word_1_72' title='bbox 954 2901 1025 3014; x_wconf 91' lang='lat' dir='ltr'>qui</span> <span class='ocrx_word' id='word_1_73' title='bbox 1057 2901 1217 3011; x_wconf 87' lang='lat' dir='ltr'>singulis</span> <span class='ocrx_word' id='word_1_74' title='bbox 1249 2925 1388 2986; x_wconf 91' lang='lat' dir='ltr'>rerum</span> <span class='ocrx_word' id='word_1_75' title='bbox 1418 2897 1628 3009; x_wconf 85' lang='lat' dir='ltr'>speciebus</span> <span class='ocrx_word' id='word_1_76' title='bbox 1650 2899 1778 3010; x_wconf 88' lang='lat' dir='ltr'>quali·</span> 
     </span>
     <span class='ocr_line' id='line_1_13' title="bbox 210 3021 1779 3139; baseline 0.001 -31"><span class='ocrx_word' id='word_1_77' title='bbox 210 3041 312 3110; x_wconf 88' lang='lat' dir='ltr'>tates</span> <span class='ocrx_word' id='word_1_78' title='bbox 339 3023 543 3136; x_wconf 86' lang='lat' dir='ltr'>specificas</span> <span class='ocrx_word' id='word_1_79' title='bbox 563 3023 607 3110; x_wconf 87' lang='lat'>&amp;</span> <span class='ocrx_word' id='word_1_80' title='bbox 637 3027 818 3112; x_wconf 86' lang='lat' dir='ltr'>occultas</span> <span class='ocrx_word' id='word_1_81' title='bbox 848 3025 1088 3124; x_wconf 88' lang='lat' dir='ltr'>tribuerint;</span> <span class='ocrx_word' id='word_1_82' title='bbox 1118 3025 1346 3139; x_wconf 84' lang='lat' dir='ltr'>exquibus</span> <span class='ocrx_word' id='word_1_83' title='bbox 1375 3021 1529 3108; x_wconf 90' lang='lat' dir='ltr'>deinde</span> <span class='ocrx_word' id='word_1_84' title='bbox 1550 3045 1779 3134; x_wconf 87' lang='lat' dir='ltr'>corporum</span> 
     </span>
    </p>
   </div>
   <div class='ocr_carea' id='block_1_5' title="bbox 209 3148 1867 4996">
    <p class='ocr_par' dir='ltr' id='par_1_5' title="bbox 209 3148 1779 4006">
     <span class='ocr_line' id='line_1_14' title="bbox 210 3148 1777 3266; baseline 0 -32"><span class='ocrx_word' id='word_1_85' title='bbox 210 3148 458 3260; x_wconf 85' lang='lat' dir='ltr'>fingulorum</span> <span class='ocrx_word' id='word_1_86' title='bbox 478 3153 750 3265; x_wconf 81' lang='lat' dir='ltr'>operationes,</span> <span class='ocrx_word' id='word_1_87' title='bbox 780 3154 922 3260; x_wconf 85' lang='lat' dir='ltr'>ignota</span> <span class='ocrx_word' id='word_1_88' title='bbox 942 3152 1119 3266; x_wconf 86' lang='lat' dir='ltr'>quadam</span> <span class='ocrx_word' id='word_1_89' title='bbox 1137 3155 1313 3250; x_wconf 90' lang='lat' dir='ltr'>ratione,</span> <span class='ocrx_word' id='word_1_90' title='bbox 1344 3149 1526 3262; x_wconf 89' lang='lat' dir='ltr'>pendere</span> <span class='ocrx_word' id='word_1_91' title='bbox 1546 3151 1777 3235; x_wconf 86' lang='lat' dir='ltr'>voluerunt.</span> 
     </span>
     <span class='ocr_line' id='line_1_15' title="bbox 209 3269 1777 3385; baseline -0.001 -28"><span class='ocrx_word' id='word_1_92' title='bbox 209 3271 256 3358; x_wconf 87' lang='lat' dir='ltr'>sn</span> <span class='ocrx_word' id='word_1_93' title='bbox 276 3275 357 3358; x_wconf 92' lang='lat' dir='ltr'>hoc</span> <span class='ocrx_word' id='word_1_94' title='bbox 379 3273 506 3385; x_wconf 86' lang='lat' dir='ltr'>posita</span> <span class='ocrx_word' id='word_1_95' title='bbox 527 3275 585 3358; x_wconf 91' lang='lat' dir='ltr'>est</span> <span class='ocrx_word' id='word_1_96' title='bbox 613 3275 767 3359; x_wconf 90' lang='lat' dir='ltr'>summa</span> <span class='ocrx_word' id='word_1_97' title='bbox 792 3275 991 3362; x_wconf 74' lang='lat' dir='ltr'>doetrinae</span> <span class='ocrx_word' id='word_1_98' title='bbox 1010 3275 1266 3374; x_wconf 83' lang='lat' dir='ltr'>scholasticae,</span> <span class='ocrx_word' id='word_1_99' title='bbox 1294 3273 1343 3359; x_wconf 88' lang='lat' dir='ltr'>ab</span> <span class='ocrx_word' id='word_1_100' title='bbox 1370 3269 1643 3378; x_wconf 83' lang='lat' dir='ltr'>Aristotele&amp;</span> <span class='ocrx_word' id='word_1_101' title='bbox 1664 3271 1777 3355; x_wconf 90' lang='lat' dir='ltr'>Peri·</span> 
     </span>
     <span class='ocr_line' id='line_1_16' title="bbox 211 3389 1779 3509; baseline 0.001 -29"><span class='ocrx_word' id='word_1_102' title='bbox 211 3397 399 3509; x_wconf 81' lang='lat' dir='ltr'>pateticis</span> <span class='ocrx_word' id='word_1_103' title='bbox 433 3397 648 3480; x_wconf 87' lang='lat' dir='ltr'>derivatae:</span> <span class='ocrx_word' id='word_1_104' title='bbox 680 3393 901 3482; x_wconf 87' lang='lat' dir='ltr'>Affirmant</span> <span class='ocrx_word' id='word_1_105' title='bbox 922 3397 1065 3508; x_wconf 85' lang='lat' dir='ltr'>utique</span> <span class='ocrx_word' id='word_1_106' title='bbox 1089 3397 1262 3502; x_wconf 82' lang='lat' dir='ltr'>singulos</span> <span class='ocrx_word' id='word_1_107' title='bbox 1290 3389 1457 3508; x_wconf 20' lang='lat' dir='ltr'>effe-&amp;us</span> <span class='ocrx_word' id='word_1_108' title='bbox 1480 3419 1533 3478; x_wconf 85' lang='lat' dir='ltr'>ex</span> <span class='ocrx_word' id='word_1_109' title='bbox 1552 3419 1779 3504; x_wconf 89' lang='lat' dir='ltr'>corporum</span> 
     </span>
     <span class='ocr_line' id='line_1_17' title="bbox 211 3516 1777 3631; baseline -0.001 -25"><span class='ocrx_word' id='word_1_110' title='bbox 211 3519 475 3631; x_wconf 78' lang='lat' dir='ltr'>singularibus</span> <span class='ocrx_word' id='word_1_111' title='bbox 493 3523 643 3605; x_wconf 88' lang='lat' dir='ltr'>naturis</span> <span class='ocrx_word' id='word_1_112' title='bbox 665 3521 787 3616; x_wconf 79' lang='lat' dir='ltr'>oriri3</span> <span class='ocrx_word' id='word_1_113' title='bbox 815 3541 855 3605; x_wconf 85' lang='lat' dir='ltr'>at</span> <span class='ocrx_word' id='word_1_114' title='bbox 876 3518 985 3605; x_wconf 92' lang='lat' dir='ltr'>unde</span> <span class='ocrx_word' id='word_1_115' title='bbox 1007 3520 1080 3604; x_wconf 89' lang='lat' dir='ltr'>lint</span> <span class='ocrx_word' id='word_1_116' title='bbox 1107 3519 1186 3604; x_wconf 87' lang='lat' dir='ltr'>illae</span> <span class='ocrx_word' id='word_1_117' title='bbox 1206 3539 1360 3604; x_wconf 85' lang='lat' dir='ltr'>naturae</span> <span class='ocrx_word' id='word_1_118' title='bbox 1378 3544 1462 3602; x_wconf 91' lang='lat' dir='ltr'>non</span> <span class='ocrx_word' id='word_1_119' title='bbox 1482 3516 1656 3616; x_wconf 86' lang='lat' dir='ltr'>docent;</span> <span class='ocrx_word' id='word_1_120' title='bbox 1677 3517 1777 3604; x_wconf 86' lang='lat' dir='ltr'>nihil</span> 
     </span>
     <span class='ocr_line' id='line_1_18' title="bbox 213 3643 1777 3760; baseline -0.003 -28"><span class='ocrx_word' id='word_1_121' title='bbox 213 3648 353 3760; x_wconf 90' lang='lat' dir='ltr'>itaque</span> <span class='ocrx_word' id='word_1_122' title='bbox 386 3645 554 3730; x_wconf 57' lang='lat' dir='ltr'>docenti</span> <span class='ocrx_word' id='word_1_123' title='bbox 607 3645 801 3759; x_wconf 92' lang='lat' dir='ltr'>Cumque</span> <span class='ocrx_word' id='word_1_124' title='bbox 827 3646 904 3730; x_wconf 86' lang='lat' dir='ltr'>toti</span> <span class='ocrx_word' id='word_1_125' title='bbox 930 3645 1003 3729; x_wconf 93' lang='lat' dir='ltr'>sint</span> <span class='ocrx_word' id='word_1_126' title='bbox 1031 3646 1074 3730; x_wconf 95' lang='lat' dir='ltr'>in</span> <span class='ocrx_word' id='word_1_127' title='bbox 1108 3671 1245 3729; x_wconf 90' lang='lat' dir='ltr'>rerum</span> <span class='ocrx_word' id='word_1_128' title='bbox 1267 3643 1514 3739; x_wconf 85' lang='lat' dir='ltr'>nominibus,</span> <span class='ocrx_word' id='word_1_129' title='bbox 1543 3670 1628 3728; x_wconf 93' lang='lat' dir='ltr'>non</span> <span class='ocrx_word' id='word_1_130' title='bbox 1655 3644 1697 3728; x_wconf 90' lang='lat' dir='ltr'>in</span> <span class='ocrx_word' id='word_1_131' title='bbox 1716 3647 1777 3756; x_wconf 90' lang='lat' dir='ltr'>ip-</span> 
     </span>
     <span class='ocr_line' id='line_1_19' title="bbox 213 3767 1776 3885; baseline -0.001 -29"><span class='ocrx_word' id='word_1_132' title='bbox 213 3771 261 3857; x_wconf 85' lang='lat' dir='ltr'>sis</span> <span class='ocrx_word' id='word_1_133' title='bbox 280 3773 419 3864; x_wconf 79' lang='lat' dir='ltr'>rebuss</span> <span class='ocrx_word' id='word_1_134' title='bbox 450 3771 678 3858; x_wconf 89' lang='lat' dir='ltr'>sermonem</span> <span class='ocrx_word' id='word_1_135' title='bbox 700 3769 906 3885; x_wconf 87' lang='lat' dir='ltr'>quendam</span> <span class='ocrx_word' id='word_1_136' title='bbox 936 3771 1263 3882; x_wconf 88' lang='lat' dir='ltr'>philosophicum</span> <span class='ocrx_word' id='word_1_137' title='bbox 1281 3767 1473 3854; x_wconf 90' lang='lat' dir='ltr'>censendi</span> <span class='ocrx_word' id='word_1_138' title='bbox 1500 3767 1589 3852; x_wconf 93' lang='lat' dir='ltr'>sunt</span> <span class='ocrx_word' id='word_1_139' title='bbox 1609 3767 1776 3854; x_wconf 90' lang='lat' dir='ltr'>adinve-</span> 
     </span>
     <span class='ocr_line' id='line_1_20' title="bbox 214 3891 1352 4006; baseline -0.007 -26"><span class='ocrx_word' id='word_1_140' title='bbox 214 3893 324 3992; x_wconf 81' lang='lat' dir='ltr'>nisse,</span> <span class='ocrx_word' id='word_1_141' title='bbox 353 3893 647 4006; x_wconf 85' lang='lat' dir='ltr'>philosophiam</span> <span class='ocrx_word' id='word_1_142' title='bbox 681 3893 886 3979; x_wconf 83' lang='lat' dir='ltr'>tradidisse</span> <span class='ocrx_word' id='word_1_143' title='bbox 914 3921 997 3980; x_wconf 94' lang='lat' dir='ltr'>non</span> <span class='ocrx_word' id='word_1_144' title='bbox 1025 3894 1115 3976; x_wconf 92' lang='lat' dir='ltr'>sunt</span> <span class='ocrx_word' id='word_1_145' title='bbox 1147 3891 1352 3976; x_wconf 89' lang='lat' dir='ltr'>censendi.</span> 
     </span>
    </p>

    <p class='ocr_par' dir='ltr' id='par_1_6' title="bbox 213 4011 1867 4880">
     <span class='ocr_line' id='line_1_21' title="bbox 270 4011 1776 4128; baseline -0.001 -26"><span class='ocrx_word' id='word_1_146' title='bbox 270 4020 354 4103; x_wconf 87' lang='lat' dir='ltr'>Alii</span> <span class='ocrx_word' id='word_1_147' title='bbox 382 4043 482 4128; x_wconf 88' lang='lat' dir='ltr'>ergo</span> <span class='ocrx_word' id='word_1_148' title='bbox 514 4018 692 4102; x_wconf 89' lang='lat' dir='ltr'>melioris</span> <span class='ocrx_word' id='word_1_149' title='bbox 719 4015 940 4126; x_wconf 68' lang='lat' dir='ltr'>diligentiae</span> <span class='ocrx_word' id='word_1_150' title='bbox 969 4016 1130 4100; x_wconf 90' lang='lat' dir='ltr'>laudem</span> <span class='ocrx_word' id='word_1_151' title='bbox 1153 4013 1348 4126; x_wconf 86' lang='lat' dir='ltr'>consequi</span> <span class='ocrx_word' id='word_1_152' title='bbox 1380 4011 1591 4124; x_wconf 87' lang='lat' dir='ltr'>sperarunt</span> <span class='ocrx_word' id='word_1_153' title='bbox 1625 4012 1776 4118; x_wconf 70' lang='lat' dir='ltr'>rejetta</span> 
     </span>
     <span class='ocr_line' id='line_1_22' title="bbox 213 4137 1777 4254; baseline -0.004 -26"><span class='ocrx_word' id='word_1_154' title='bbox 213 4143 509 4229; x_wconf 86' lang='lat' dir='ltr'>vocabulorum</span> <span class='ocrx_word' id='word_1_155' title='bbox 524 4142 655 4226; x_wconf 91' lang='lat' dir='ltr'>inutili</span> <span class='ocrx_word' id='word_1_156' title='bbox 676 4143 886 4254; x_wconf 86' lang='lat' dir='ltr'>farragine.</span> <span class='ocrx_word' id='word_1_157' title='bbox 943 4139 1178 4225; x_wconf 86' lang='lat' dir='ltr'>Statuerunt</span> <span class='ocrx_word' id='word_1_158' title='bbox 1205 4141 1344 4251; x_wconf 86' lang='lat' dir='ltr'>itaque</span> <span class='ocrx_word' id='word_1_159' title='bbox 1374 4137 1582 4220; x_wconf 86' lang='lat' dir='ltr'>materiam</span> <span class='ocrx_word' id='word_1_160' title='bbox 1613 4139 1777 4222; x_wconf 87' lang='lat' dir='ltr'>univer·</span> 
     </span>
     <span class='ocr_line' id='line_1_23' title="bbox 214 4258 1777 4378; baseline -0.005 -22"><span class='ocrx_word' id='word_1_161' title='bbox 214 4273 294 4356; x_wconf 86' lang='lat' dir='ltr'>sain</span> <span class='ocrx_word' id='word_1_162' title='bbox 323 4269 622 4378; x_wconf 84' lang='lat' dir='ltr'>homogeneam</span> <span class='ocrx_word' id='word_1_163' title='bbox 651 4265 751 4364; x_wconf 89' lang='lat' dir='ltr'>else,</span> <span class='ocrx_word' id='word_1_164' title='bbox 784 4292 948 4351; x_wconf 87' lang='lat' dir='ltr'>omnem</span> <span class='ocrx_word' id='word_1_165' title='bbox 966 4291 1066 4348; x_wconf 88' lang='lat' dir='ltr'>vero</span> <span class='ocrx_word' id='word_1_166' title='bbox 1086 4263 1310 4347; x_wconf 88' lang='lat' dir='ltr'>formarum</span> <span class='ocrx_word' id='word_1_167' title='bbox 1333 4258 1582 4356; x_wconf 88' lang='lat' dir='ltr'>varietatem,</span> <span class='ocrx_word' id='word_1_168' title='bbox 1613 4285 1705 4374; x_wconf 84' lang='lat' dir='ltr'>quae</span> <span class='ocrx_word' id='word_1_169' title='bbox 1732 4263 1777 4349; x_wconf 92' lang='lat' dir='ltr'>in</span> 
     </span>
     <span class='ocr_line' id='line_1_24' title="bbox 214 4386 1849 4509; baseline -0.007 -24"><span class='ocrx_word' id='word_1_170' title='bbox 214 4396 454 4507; x_wconf 89' lang='lat' dir='ltr'>corporibus</span> <span class='ocrx_word' id='word_1_171' title='bbox 475 4394 678 4489; x_wconf 87' lang='lat' dir='ltr'>cernitur,</span> <span class='ocrx_word' id='word_1_172' title='bbox 719 4417 770 4476; x_wconf 86' lang='lat' dir='ltr'>ex</span> <span class='ocrx_word' id='word_1_173' title='bbox 801 4391 1089 4509; x_wconf 86' lang='lat' dir='ltr'>particularum</span> <span class='ocrx_word' id='word_1_174' title='bbox 1115 4389 1455 4499; x_wconf 90' lang='lat' dir='ltr'>componentium</span> <span class='ocrx_word' id='word_1_175' title='bbox 1483 4386 1776 4500; x_wconf 78' lang='lat' dir='ltr'>simplicissimis</span> <span class='ocrx_word' id='word_1_176' title='bbox 1847 4399 1849 4404; x_wconf 83' lang='lat'>&#39;</span> 
     </span>
     <span class='ocr_line' id='line_1_25' title="bbox 214 4508 1775 4635; baseline -0.007 -28"><span class='ocrx_word' id='word_1_177' title='bbox 214 4520 455 4635; x_wconf 87' lang='lat' dir='ltr'>quibusdam</span> <span class='ocrx_word' id='word_1_178' title='bbox 483 4517 525 4600; x_wconf 73' lang='lat' dir='ltr'>sc</span> <span class='ocrx_word' id='word_1_179' title='bbox 550 4515 755 4620; x_wconf 71' lang='lat' dir='ltr'>intelleslu</span> <span class='ocrx_word' id='word_1_180' title='bbox 776 4515 969 4602; x_wconf 72' lang='lat' dir='ltr'>facillimis</span> <span class='ocrx_word' id='word_1_181' title='bbox 994 4508 1273 4598; x_wconf 74' lang='lat' dir='ltr'>affesllor&#39;ilbus</span> <span class='ocrx_word' id='word_1_182' title='bbox 1307 4513 1417 4597; x_wconf 90' lang='lat' dir='ltr'>oriri.</span> <span class='ocrx_word' id='word_1_183' title='bbox 1474 4508 1528 4594; x_wconf 84' lang='lat' dir='ltr'>Et</span> <span class='ocrx_word' id='word_1_184' title='bbox 1558 4513 1666 4598; x_wconf 72' lang='lat' dir='ltr'>resle</span> <span class='ocrx_word' id='word_1_185' title='bbox 1687 4515 1775 4626; x_wconf 86' lang='lat' dir='ltr'>qui·</span> 
     </span>
     <span class='ocr_line' id='line_1_26' title="bbox 215 4635 1775 4754; baseline -0.006 -26"><span class='ocrx_word' id='word_1_186' title='bbox 215 4645 313 4728; x_wconf 88' lang='lat' dir='ltr'>dem</span> <span class='ocrx_word' id='word_1_187' title='bbox 335 4639 560 4754; x_wconf 79' lang='lat' dir='ltr'>progressio</span> <span class='ocrx_word' id='word_1_188' title='bbox 576 4641 795 4725; x_wconf 87' lang='lat' dir='ltr'>inslituitur</span> <span class='ocrx_word' id='word_1_189' title='bbox 815 4639 1158 4748; x_wconf 87' lang='lat' dir='ltr'>asimplicloribus</span> <span class='ocrx_word' id='word_1_190' title='bbox 1178 4635 1228 4720; x_wconf 86' lang='lat' dir='ltr'>ad</span> <span class='ocrx_word' id='word_1_191' title='bbox 1248 4639 1372 4742; x_wconf 79' lang='lat' dir='ltr'>magis</span> <span class='ocrx_word' id='word_1_192' title='bbox 1387 4637 1621 4745; x_wconf 81' lang='lat' dir='ltr'>composita,</span> <span class='ocrx_word' id='word_1_193' title='bbox 1647 4636 1775 4745; x_wconf 87' lang='lat' dir='ltr'>sipar-</span> 
     </span>
     <span class='ocr_line' id='line_1_27' title="bbox 214 4759 1867 4880; baseline -0.008 -28"><span class='ocrx_word' id='word_1_194' title='bbox 214 4767 428 4854; x_wconf 89' lang='lat' dir='ltr'>ticularum</span> <span class='ocrx_word' id='word_1_195' title='bbox 449 4767 645 4880; x_wconf 87' lang='lat' dir='ltr'>primariis</span> <span class='ocrx_word' id='word_1_196' title='bbox 664 4767 739 4854; x_wconf 90' lang='lat' dir='ltr'>illis</span> <span class='ocrx_word' id='word_1_197' title='bbox 758 4761 1035 4852; x_wconf 77' lang='lat' dir='ltr'>affectionibus</span> <span class='ocrx_word' id='word_1_198' title='bbox 1053 4789 1136 4850; x_wconf 94' lang='lat' dir='ltr'>non</span> <span class='ocrx_word' id='word_1_199' title='bbox 1155 4763 1252 4846; x_wconf 88' lang='lat' dir='ltr'>alios</span> <span class='ocrx_word' id='word_1_200' title='bbox 1269 4762 1451 4846; x_wconf 86' lang='lat' dir='ltr'>tribuunt</span> <span class='ocrx_word' id='word_1_201' title='bbox 1471 4759 1632 4858; x_wconf 87' lang='lat' dir='ltr'>modos,</span> <span class='ocrx_word' id='word_1_202' title='bbox 1652 4785 1778 4873; x_wconf 86' lang='lat' dir='ltr'>quain</span> <span class='ocrx_word' id='word_1_203' title='bbox 1866 4835 1867 4838; x_wconf 11' lang='lat' dir='ltr'>a</span> 
     </span>
    </p>

    <p class='ocr_par' dir='ltr' id='par_1_7' title="bbox 727 4905 1782 4996">
     <span class='ocr_line' id='line_1_28' title="bbox 727 4905 1782 4996; baseline -0.004 -24"><span class='ocrx_word' id='word_1_204' title='bbox 727 4911 730 4916; x_wconf 83' lang='lat'>·</span> <span class='ocrx_word' id='word_1_205' title='bbox 1672 4905 1782 4996; x_wconf 85' lang='lat' dir='ltr'>quos.</span> 
     </span>
    </p>
   </div>
   <div class='ocr_carea' id='block_1_6' title="bbox 0 0 2240 5674">
    <p class='ocr_par' dir='ltr' id='par_1_8' title="bbox 0 0 2240 5674">
     <span class='ocr_line' id='line_1_29' title="bbox 0 0 2240 5674; baseline 0 0"><span class='ocrx_word' id='word_1_206' title='bbox 0 0 2240 5674; x_wconf 95' lang='lat' dir='ltr'> </span> 
     </span>
    </p>
   </div>
  </div>
 </body>
</html>
