4352 5646
415 303 523 438 386.
734 278 1776 402 tutnosontttn'untunntts

596 723 1319 1220 MUDlEbl
1485 972 1827 1210 D's

435 1379 1989 1684 susrnmntn

698 1859 1072 1991 LIBER
1163 1843 1739 1984 TERTIUS.

533 2377 809 2491 philosophica
843 2360 911 2456 sed
939 2367 1226 2454 mathematica
1265 2383 1438 2459 tantum,
1466 2387 1520 2448 ex
1559 2359 1708 2475 quibus
1741 2361 1938 2445 videlicet
1966 2357 2018 2441 in«¹

533 2502 654 2590 rebus
672 2499 960 2614 philosophicis
978 2495 1172 2607 disputari
1191 2487 1324 2604 possit
1379 2489 1490 2575 Haec
1517 2489 1609 2576 sunt
1639 2509 1826 2574 motuum
1845 2485 1889 2570 dc
1912 2489 2008 2572 viri·

430 2253 557 2572 IN
579 2249 693 2338 libris
711 2242 1038 2360 praecedentibus
1058 2237 1257 2354 principia
1275 2234 1541 2350 philosophie
1569 2233 1737 2332 tradidi,
1765 2256 1851 2320 non
1870 2249 2017 2315 tamen·

433 2659 504 2718 um
531 2633 640 2739 leges
673 2625 715 2710 δι
750 2621 1024 2718 conditiones,
1062 2643 1154 2734 quae
1189 2613 1241 2702 ad
1277 2615 1574 2730 philosophiam
1608 2616 1778 2699 maxime
1807 2609 2006 2723 speslanr.

433 2751 592 2840 Eadem
629 2773 779 2844 tamen,
817 2775 868 2832 ne
904 2745 1048 2830 sterilia
1076 2741 1304 2838 videantur,
1341 2739 1531 2826 illustravi
1570 2739 1730 2824 scholiis
1764 2733 2019 2851 quibusdam

432 2871 737 2988 philosophicis,
768 2897 814 2951 ea
845 2865 1015 2952 traslans
1040 2891 1139 2977 quae
1158 2865 1359 2976 generalia
1387 2863 1492 2962 sunt,
1521 2863 1805 2978 &inquibus
1835 2859 2007 2975 philoso·

433 2993 528 3112 phia
553 2995 730 3082 maxime
750 2989 913 3076 fundari
932 2987 1118 3086 videtum.
1141 2989 1202 3073 uri
1222 3012 1446 3097 corporum
1474 2987 1712 3074 densitatem
1738 2987 1782 3071 δι
1800 2986 2013 3072 renuenti·-

434 3150 514 3220 am,
540 3117 662 3234 spatia
690 3115 933 3230 corporibus
959 3139 1098 3210 vacua,
1127 3131 1369 3226 motumque
1394 3114 1495 3198 lucis
1523 3112 1568 3196 &
1599 3111 1809 3198 sonorum.
1864 3107 2003 3222 Super·¹

434 3249 555 3336 estut
575 3273 629 3332 ex
653 3243 797 3330 iisdem
814 3237 1020 3354 principiis
1045 3235 1269 3324 doceamus
1301 3237 1636 3324 constitutionem
1656 3236 1874 3350 systematis
1892 3259 2005 3320 mun·

437 3373 545 3462 dani.
601 3369 669 3459 De
696 3369 778 3454 hoc
812 3385 1055 3474 argumento
1084 3361 1394 3476 composueram
1425 3365 1574 3450 librum
1608 3365 1784 3449 tertium
1811 3359 2020 3468 methodos

436 3493 641 3612 populari,
663 3513 709 3578 ut
731 3521 760 3578 a·
778 3491 959 3604 pluribus
987 3491 1204 3598 legeretur.
1260 3485 1342 3574 Sed
1371 3491 1519 3602 quibus
1540 3489 1739 3603 principia
1764 3485 1895 3602 polita
1924 3487 2014 3572 satis

437 3619 640 3705 intelleda
674 3644 757 3702 non
787 3617 954 3710 suerint,
983 3613 1010 3736 ii
1042 3614 1124 3698 vim
1154 3613 1538 3729 consequentiarum
1571 3616 1740 3702 minime
1767 3615 2023 3726 percipient„

439 3767 574 3856 neque
592 3736 826 3852 ptaejudicia
858 3737 1081 3848 deponent,
1102 3739 1248 3848 quibus
1267 3767 1288 3822 a
1312 3741 1448 3824 multis
1466 3763 1579 3826 retro
1600 3741 1713 3826 annis
1729 3735 2010 3824 insueverunt:

441 3865 486 3949 &
515 3885 731 3976 propterea
760 3887 812 3946 ne
842 3888 905 3946 res
934 3862 975 3944 in
1004 3861 1297 3974 disputationes
1330 3867 1522 3964 trahatur,
1556 3866 1748 3952 summam
1783 3863 1874 3947 libri
1900 3861 2009 3946 illius

441 3989 627 4075 traulluli·
645 3989 689 4072 in
713 3985 1036 4100 propositiones„
1051 4011 1167 4072 more
1183 3989 1488 4090 mathematico,
1516 4012 1562 4076 ut
1582 3993 1694 4076 abiis
1712 3989 1800 4075 solis
1821 3990 2010 4098 legantur

440 4117 511 4228 qui
538 4111 736 4226 principia
761 4112 869 4222 prius
891 4111 1132 4197 evolverint.
1191 4111 1474 4202 Veruntamen
1493 4115 1688 4231 quoniam
1717 4114 2024 4226 proposrtioncs·

441 4241 498 4322 ibi
518 4263 639 4350 quam
663 4237 849 4350 plurimae,
867 4258 1100 4336 occurrant,
1121 4263 1215 4351 quae
1240 4237 1459 4326 tertoribus
1485 4245 1608 4329 etiam
1628 4239 1913 4326 mathematice
1933 4239 2009 4319 do·

443 4357 515 4442 dis
549 4382 705 4444 moram
730 4361 894 4446 nimiam
926 4359 1094 4467 injicere
1124 4361 1289 4472 poffint,
1317 4361 1457 4448 ausior
1491 4361 1570 4449 else
1599 4365 1699 4450 nolo
1723 4387 1773 4448 ttt
1801 4359 2021 4475 quisquam

446 4508 510 4566 cas
538 4506 679 4565 omnes
705 4485 892 4578 evolvata
932 4480 1136 4570 suffecerit
1162 4488 1281 4600 saquis
1306 4487 1580 4588 definitiones,
1614 4491 1724 4598 leges
1754 4509 1939 4576 motuum
1968 4483 2013 4567 δε

441 4601 637 4692 sessiones
660 4622 740 4687 tres
760 4607 915 4712 priores
933 4607 1024 4692 libri
1051 4609 1174 4719 primi
1196 4610 1338 4696 sedulo
1367 4615 1487 4722 legat,
1514 4614 1612 4699 dein
1642 4615 1817 4699 transeat
1836 4613 1887 4697 ad
1906 4611 2013 4694 hunc

443 4732 592 4814 librum
618 4727 671 4811 de
701 4727 845 4812 mundi
872 4727 1092 4837 syllemate,
1122 4733 1165 4816 ἃ
1191 4736 1364 4849 reliquas
1392 4737 1590 4824 librorum
1617 4741 1805 4852 priorum
1833 4731 2014 4850 propoli·

444 4853 574 4940 tiones
600 4851 666 4936 hic
692 4851 832 4936 citatas
850 4875 927 4964 pto
947 4852 1078 4937 lubitu
1098 4855 1291 4944 consulat.

1702 5097 2016 5198 REGquE
2146 5165 2147 5198 r
