4344 5648
462 225 862 324 PRINCIPIA
909 221 1504 326 MATHEMATICA.
1672 263 1770 362 329

193 405 473 527 generandum
500 411 563 493 uti
592 407 718 520 ptius,
759 405 803 492 dt
836 404 1011 496 fundum
1045 409 1142 536 nafis
1180 407 1386 495 sustinebit
1427 408 1590 522 pondus
1621 408 1767 521 glaciei
1779 409 1984 552 &sappus

192 539 427 625 columnam
449 535 676 620 ambientis.
1988 529 1995 550 '

248 659 470 775 Liquescat
493 657 575 768 jam
603 659 750 770 glacies
776 661 817 744 in
844 657 965 754 vasca
993 659 1037 743 ἃ
1064 658 1235 746 effluxus
1258 685 1387 774 aquae,
1406 663 1544 775 quoad
1573 663 1764 747 velocita-

193 805 292 887 tem,
320 790 433 876 idem
459 783 640 872 manebit
666 813 713 870 ac
749 785 874 898 prius.
930 785 1028 869 Non
1066 785 1200 870 minor
1232 787 1324 883 erit,
1360 787 1454 898 quia
1481 789 1628 898 glacies
1655 787 1698 870 in
1726 813 1768 871 a·

190 939 316 1026 quarn
338 915 514 1000 resoluta
533 910 749 998 conabitur
777 909 1052 996 descendere:
1089 937 1174 995 non
1201 911 1343 1021 major,
1369 913 1465 1025 quia
1493 914 1641 1024 glacies
1663 918 1704 1002 in
1725 941 1768 999 a·

192 1064 318 1153 quam
344 1039 520 1125 resoluta
555 1063 640 1123 non
671 1033 805 1146 potest
837 1035 1087 1120 descendere
1121 1035 1193 1120 nist
1224 1035 1492 1148 impediendo
1527 1036 1765 1126 descensum

192 1187 312 1277 aquae
341 1163 504 1248 alterius
532 1157 741 1246 descensui
776 1157 848 1242 suo
882 1162 1092 1274 aequalem.
1156 1157 1313 1247 Eadem
1354 1163 1413 1246 vis
1442 1161 1616 1247 eandem
1645 1189 1761 1278 aquae

194 1289 397 1375 effluentis
417 1287 678 1373 velocitatem
705 1309 901 1395 generare
920 1287 1057 1372 debet.

248 1415 339 1502 Sed·
358 1413 542 1498 foramen
568 1412 611 1496 in
638 1411 771 1496 fundo
808 1410 922 1509 vasrs,
942 1413 1125 1522 'propter
1162 1409 1350 1524 obliquos
1382 1430 1518 1496 motus
1548 1415 1761 1524 particula-

192 1569 285 1628 rum
304 1565 420 1656 aquae
441 1539 659 1638 effluentis,
686 1538 807 1650 paulo
827 1537 952 1646 majus
973 1533 1053 1622 esse
1072 1537 1197 1623 debet
1224 1564 1346 1651 quam
1365 1539 1486 1648 prius.
1543 1543 1648 1628 Nam
1670 1570 1759 1654 par-

192 1667 329 1752 ticulae
354 1689 470 1780 aquae
491 1663 574 1772 jam
601 1688 685 1747 non
718 1658 927 1744 transeunt
956 1685 1098 1745 omnes
1130 1683 1203 1768 per
1235 1661 1420 1747 foramen
1449 1667 1775 1776 perpendicula·

189 1792 317 1889 riter;
348 1789 457 1873 seda
479 1785 670 1871 lateribus
694 1783 792 1867 vasrs
821 1783 1005 1897 undique
1027 1781 1283 1868 confluentes
1311 1783 1355 1867 &
1380 1787 1423 1871 in
1451 1789 1635 1877 foramen
1659 1819 1757 1880 con·

190 1935 419 2026 vergentes,
458 1911 634 2023 obliquis
665 1905 872 1993 transeunt
906 1907 1116 2004 motibus;
1158 1905 1201 1990 dc
1231 1907 1392 1995 cursum
1422 1909 1537 1997 suum
1565 1917 1759 2009 deorsum

190 2039 402 2126 fledentes
421 2041 461 2123 in
481 2063 627 2152 venam
657 2061 772 2150 aquae
792 2035 993 2156 exilientis
1009 2034 1255 2145 conspirant,
1283 2063 1376 2150 quae
1397 2039 1544 2125 exilior
1561 2044 1618 2127 eil
1634 2051 1756 2160 paulo

190 2167 295 2250 infra
323 2167 506 2248 foramen
531 2187 653 2275 quam
685 2160 840 2271 inipso
869 2159 1083 2271 foramine,
1129 2161 1325 2244 existente
1356 2161 1441 2270 ejus
1472 2164 1674 2255 diametro
1702 2175 1754 2260 ad

69 2205 438 2376 Ndiametrum
458 2286 665 2370 foraminis
684 2305 729 2366 ut
750 2311 773 2386 5
793 2283 840 2368 ad
859 2291 896 2381 6,
909 2285 973 2367 vel
997 2293 1042 2386 54
1058 2283 1107 2366 ad
1131 2291 1178 2373 6÷
1208 2310 1329 2398 quarn
1345 2289 1548 2398 Proxime,
1575 2295 1603 2378 sr
1624 2300 1759 2396 modo,

187 2415 412 2502 diametros
442 2411 553 2498 rede
580 2406 783 2494 dimensus
810 2408 908 2493 sum.
972 2405 1165 2492 Parabam
1201 2411 1344 2524 utique
1372 2413 1560 2503 laminam
1594 2425 1753 2533 planam

187 2565 429 2653 pertenuem
452 2541 494 2625 in
516 2537 657 2623 medio
681 2535 942 2646 perforatam,
975 2531 1173 2620 existente
1200 2537 1406 2624 circularis
1430 2541 1638 2632 foraminis
1669 2549 1770 2639 dia·v

187 2669 323 2755 metro
354 2665 530 2780 partium
556 2664 738 2776 quinque
768 2657 997 2745 oslavarum
1030 2662 1161 2772 digiti.
1218 2657 1274 2747 Et
1302 2691 1354 2750 ne
1373 2691 1474 2751 vena
1497 2697 1612 2785 aquae
1637 2677 1752 2764 exili.

185 2789 293 2878 entis
325 2787 515 2874 cadendo
541 2786 834 2868 acceleraretur
865 2783 1228 2868 &acceleratione
1259 2787 1506 2876 redderetur
1537 2802 1753 2907 angustior,

185 2918 290 3002 hanc
308 2915 497 3000 laminam
518 2937 601 2995 non
621 2909 752 2994 fundo
780 2907 849 2993 sed
880 2909 994 2993 lateri
1016 2911 1112 2993 vasis
1132 2903 1245 2993 affixi
1264 2909 1330 3012 stc,
1358 2935 1404 2997 ut
1422 2941 1527 3002 vena·
1550 2921 1614 3007 illa
1633 2949 1752 3036 egre.

186 3040 352 3126 deretur
378 3036 602 3123 secundum
629 3035 775 3120 lineam
804 3035 1010 3118 horizonti
1033 3037 1272 3144 parallelam.
1340 3039 1450 3127 Dein
1471 3045 1540 3131 ubi
1561 3075 1628 3134 vas
1646 3079 1751 3168 aqua

183 3170 349 3278 plenum
375 3161 487 3259 esset,
513 3158 653 3271 aperui
673 3155 858 3242 foramen
885 3179 932 3241 ut
958 3184 1057 3272 aqua
1084 3158 1270 3246 efflueret
1291 3199 1302 3258 ;
1331 3161 1374 3247 de
1394 3193 1510 3250 venae
1537 3170 1752 3278 diameter,

184 3293 235 3374 ad
264 3289 489 3374 distantiam
519 3281 628 3395 quast
664 3279 825 3364 dimidii
861 3281 980 3390 digiti
1015 3311 1037 3366 a
1068 3283 1267 3368 foramine
1305 3313 1426 3400 quam
1455 3297 1750 3388 accuratissrme

183 3413 422 3509 mensurata,
446 3407 602 3522 prodiit
620 3403 793 3516 partium
810 3404 958 3511 ‘viginti
985 3403 1030 3489 dt
1059 3405 1177 3490 unius
1203 3411 1597 3522 quadragebmarum
1617 3420 1749 3533 digiti.

183 3535 283 3626 Erat
306 3537 432 3648 igitur
460 3534 659 3619 diameter
678 3529 896 3616 foraminis·
913 3528 1030 3639 hujus
1056 3532 1261 3617 circularis
1285 3534 1336 3620 ad
1357 3533 1604 3630 diametrum
1631 3575 1746 3635 venae

182 3685 229 3750 ut
255 3693 305 3768 25
334 3662 385 3747 ad
422 3687 470 3740 ιι
500 3652 826 3768 quamproxime.
882 3657 1003 3768 Aqua
1031 3655 1156 3765 igitur
1188 3653 1430 3746 transeundo
1456 3688 1529 3773 per
1547 3668 1766 3772 foramen.

181 3787 394 3898 convergit
420 3781 619 3896 undique,
646 3777 689 3864 dt
719 3777 930 3892 postquam
961 3774 1120 3868 effluxit
1147 3807 1201 3868 ex
1229 3781 1333 3882 vase,
1363 3788 1526 3875 tenuior
1555 3796 1756 3885 redditur·

182 3907 487 4022 convergendo,
518 3905 654 4016 &per
676 3905 998 3990 attenuationem
1021 3905 1272 3992 acceleratur
1289 3907 1424 3995 donec
1446 3912 1497 3998 ad
1519 3916 1760 4010 distantiam·

180 4035 346 4123 semislrs
372 4032 488 4140 digiti
515 4029 755 4114 asoramine
780 4033 1030 4139 pervenerit,
1053 4031 1102 4116 δε
1119 4032 1173 4115 a'd
1194 4032 1418 4120 distantiam
1445 4039 1552 4124 illam
1581 4041 1761 4132 tenuior'

177 4161 225 4246 de
254 4159 426 4248 celerior
456 4155 501 4239 fit
525 4179 649 4269 quarn
675 4153 717 4236 in
750 4152 836 4262 ipso
858 4153 1057 4239 foramine
1081 4157 1126 4240 in¹
1152 4157 1309 4241 ratione
1334 4187 1386 4264 25
1401 4189 1497 4266 ><25
1515 4166 1566 4249 ad
1586 4195 1633 4250 21
1651 4197 1742 4261 χιι

179 4285 250 4370 seu
274 4315 320 4388 ¹7
347 4282 401 4368 ad
430 4309 475 4362 12
504 4276 830 4391 quamproxime,
866 4275 910 4362 id
939 4275 1065 4364 estin
1093 4277 1370 4392 subduplicata
1405 4289 1565 4374 ratione
1600 4292 1744 4384 binarii

181 4411 231 4495 ad
251 4411 448 4495 unitatem
474 4406 649 4490 circiter.
709 4404 791 4488 Per
808 4404 1087 4514 experimenta
1114 4431 1213 4490 vero
1234 4409 1388 4494 conflat
1407 4414 1521 4524 quod
1541 4423 1743 4530 quantitas

181 4559 310 4646 aquae,
343 4561 434 4646 quae
455 4531 742 4644 perforamen
764 4529 961 4616 circulare
989 4531 1185 4647 infundo
1211 4531 1307 4619 vafis
1332 4531 1496 4637 fadum.
1526 4541 1622 4627 dato
1641 4567 1754 4630 tem.-

180 4684 283 4772 pore
301 4655 448 4756 effluit,
468 4683 515 4741 ea
542 4655 585 4740 stt
613 4681 705 4770 quae
737 4677 832 4738 cum
860 4655 1078 4742 velocitate
1104 4657 1309 4769 praedlslaa
1344 4687 1426 4748 non
1457 4675 1530 4778 per
1558 4667 1744 4756 foramen

178 4785 294 4881 illud,
322 4781 398 4867 sed
413 4808 486 4893 per
511 4783 694 4868 foramen
721 4781 931 4882 circulare,
958 4785 1069 4894 cujus
1104 4785 1303 4872 diameter
1331 4789 1387 4874 est
1417 4793 1466 4876 ad
1498 4791 1743 4876 diametrum

175 4905 386 4998 foraminis
414 4905 520 4992 illius
541 4925 587 4992 ut
614 4935 662 4992 21
688 4907 739 4994 ad
760 4935 825 5013 25,
846 4909 995 4996 eodem
1027 4929 1216 5022 tempore
1242 4909 1412 5003 effluere
1436 4915 1572 5000 deber.
1626 4911 1745 4997 ldeo·

980 5031 1074 5134 Uu
1307 5083 1310 5089 -
1659 5058 1779 5148 que.
