<?xml version="1.0" encoding="UTF-8"?>
<!DOCTYPE html PUBLIC "-//W3C//DTD XHTML 1.0 Transitional//EN"
    "http://www.w3.org/TR/xhtml1/DTD/xhtml1-transitional.dtd">
<html xmlns="http://www.w3.org/1999/xhtml" xml:lang="en" lang="en">
 <head>
  <title>
</title>
<meta http-equiv="Content-Type" content="text/html;charset=utf-8" />
  <meta name='ocr-system' content='tesseract 3.04.00' />
  <meta name='ocr-capabilities' content='ocr_page ocr_carea ocr_par ocr_line ocrx_word'/>
</head>
<body>
  <div class='ocr_page' id='page_1' title='image "./philosophinatur00cotegoog_0588.png"; bbox 0 0 4338 5656; ppageno 0'>
   <div class='ocr_carea' id='block_1_1' title="bbox 433 182 1747 305">
    <p class='ocr_par' dir='ltr' id='par_1_1' title="bbox 433 182 1747 305">
     <span class='ocr_line' id='line_1_1' title="bbox 433 182 1747 305; baseline -0.018 -10"><span class='ocrx_word' id='word_1_1' title='bbox 433 183 1472 294; x_wconf 70' lang='lat' dir='ltr'>antuerpia-Marnalravrcn.</span> <span class='ocrx_word' id='word_1_2' title='bbox 1654 182 1747 305; x_wconf 78' lang='lat'>505</span> 
     </span>
    </p>
   </div>
   <div class='ocr_carea' id='block_1_2' title="bbox 178 343 1757 1450">
    <p class='ocr_par' dir='ltr' id='par_1_2' title="bbox 178 343 1754 822">
     <span class='ocr_line' id='line_1_2' title="bbox 178 343 1754 484; baseline -0.013 -31"><span class='ocrx_word' id='word_1_3' title='bbox 178 364 427 484; x_wconf 86' lang='lat' dir='ltr'>quantulum</span> <span class='ocrx_word' id='word_1_4' title='bbox 447 390 468 448; x_wconf 89' lang='lat' dir='ltr'>a</span> <span class='ocrx_word' id='word_1_5' title='bbox 490 359 597 444; x_wconf 88' lang='lat' dir='ltr'>stella</span> <span class='ocrx_word' id='word_1_6' title='bbox 616 355 700 451; x_wconf 90' lang='lat' dir='ltr'>isla,</span> <span class='ocrx_word' id='word_1_7' title='bbox 722 351 838 461; x_wconf 88' lang='lat' dir='ltr'>juxta</span> <span class='ocrx_word' id='word_1_8' title='bbox 857 349 1049 434; x_wconf 84' lang='lat' dir='ltr'>Hookium</span> <span class='ocrx_word' id='word_1_9' title='bbox 1068 352 1108 434; x_wconf 93' lang='lat' dir='ltr'>in</span> <span class='ocrx_word' id='word_1_10' title='bbox 1128 349 1317 446; x_wconf 87' lang='lat' dir='ltr'>austrum,</span> <span class='ocrx_word' id='word_1_11' title='bbox 1342 351 1455 458; x_wconf 83' lang='lat' dir='ltr'>juxta</span> <span class='ocrx_word' id='word_1_12' title='bbox 1471 343 1754 432; x_wconf 81' lang='lat' dir='ltr'>Montenarum</span> 
     </span>
     <span class='ocr_line' id='line_1_3' title="bbox 183 470 1754 595; baseline -0.019 -18"><span class='ocrx_word' id='word_1_13' title='bbox 183 493 228 576; x_wconf 93' lang='lat' dir='ltr'>in</span> <span class='ocrx_word' id='word_1_14' title='bbox 256 493 448 584; x_wconf 75' lang='lat' dir='ltr'>borenna</span> <span class='ocrx_word' id='word_1_15' title='bbox 477 481 658 595; x_wconf 90' lang='lat' dir='ltr'>ideoque</span> <span class='ocrx_word' id='word_1_16' title='bbox 677 476 900 564; x_wconf 85' lang='lat' dir='ltr'><strong>declinatio</strong></span> <span class='ocrx_word' id='word_1_17' title='bbox 917 476 982 558; x_wconf 91' lang='lat' dir='ltr'>illa</span> <span class='ocrx_word' id='word_1_18' title='bbox 1004 473 1073 556; x_wconf 88' lang='lat' dir='ltr'>vix</span> <span class='ocrx_word' id='word_1_19' title='bbox 1091 471 1170 556; x_wconf 91' lang='lat' dir='ltr'>suit</span> <span class='ocrx_word' id='word_1_20' title='bbox 1189 473 1390 568; x_wconf 87' lang='lat' dir='ltr'>senstbilis‚</span> <span class='ocrx_word' id='word_1_21' title='bbox 1408 471 1453 554; x_wconf 73' lang='grc' dir='ltr'>δι</span> <span class='ocrx_word' id='word_1_22' title='bbox 1473 470 1754 585; x_wconf 60' lang='grc' dir='ltr'>ωυόα,πᾳυα.</span> 
     </span>
     <span class='ocr_line' id='line_1_4' title="bbox 182 593 1754 722; baseline -0.013 -21"><span class='ocrx_word' id='word_1_23' title='bbox 182 616 266 701; x_wconf 90' lang='lat' dir='ltr'>toti</span> <span class='ocrx_word' id='word_1_24' title='bbox 286 615 372 700; x_wconf 92' lang='lat' dir='ltr'>sere</span> <span class='ocrx_word' id='word_1_25' title='bbox 391 608 576 722; x_wconf 91' lang='lat' dir='ltr'>parallela</span> <span class='ocrx_word' id='word_1_26' title='bbox 593 603 779 700; x_wconf 82' lang='lat' dir='ltr'>existens,</span> <span class='ocrx_word' id='word_1_27' title='bbox 804 599 1099 713; x_wconf 81' lang='lat' dir='ltr'>aliquantulum</span> <span class='ocrx_word' id='word_1_28' title='bbox 1120 593 1417 682; x_wconf 76' lang='lat' dir='ltr'>deflessebatur</span> <span class='ocrx_word' id='word_1_29' title='bbox 1429 597 1481 682; x_wconf 88' lang='lat' dir='ltr'>ab</span> <span class='ocrx_word' id='word_1_30' title='bbox 1497 595 1754 707; x_wconf 86' lang='lat' dir='ltr'>opposrtione</span> 
     </span>
     <span class='ocr_line' id='line_1_5' title="bbox 182 729 632 822; baseline -0.024 0"><span class='ocrx_word' id='word_1_31' title='bbox 182 738 276 822; x_wconf 89' lang='lat' dir='ltr'>solis</span> <span class='ocrx_word' id='word_1_32' title='bbox 295 735 464 820; x_wconf 90' lang='lat' dir='ltr'>boream</span> <span class='ocrx_word' id='word_1_33' title='bbox 484 729 632 815; x_wconf 83' lang='lat' dir='ltr'>versus.</span> 
     </span>
    </p>

    <p class='ocr_par' dir='ltr' id='par_1_3' title="bbox 185 837 1757 1210">
     <span class='ocr_line' id='line_1_6' title="bbox 241 837 1757 962; baseline -0.014 -20"><span class='ocrx_word' id='word_1_34' title='bbox 241 859 351 942; x_wconf 82' lang='lat' dir='ltr'>Nou.</span> <span class='ocrx_word' id='word_1_35' title='bbox 374 887 397 938; x_wconf 91' lang='lat'>2</span> <span class='ocrx_word' id='word_1_36' title='bbox 404 885 439 958; x_wconf 85' lang='lat'>3.</span> <span class='ocrx_word' id='word_1_37' title='bbox 466 855 510 938; x_wconf 91' lang='lat' dir='ltr'>st.</span> <span class='ocrx_word' id='word_1_38' title='bbox 531 873 611 938; x_wconf 91' lang='lat' dir='ltr'>vet.</span> <span class='ocrx_word' id='word_1_39' title='bbox 638 852 739 936; x_wconf 90' lang='lat' dir='ltr'>hora</span> <span class='ocrx_word' id='word_1_40' title='bbox 769 843 910 962; x_wconf 88' lang='lat' dir='ltr'>quinta</span> <span class='ocrx_word' id='word_1_41' title='bbox 936 845 1133 932; x_wconf 89' lang='lat' dir='ltr'>matutina</span> <span class='ocrx_word' id='word_1_42' title='bbox 1155 837 1383 956; x_wconf 79' lang='lat' dir='ltr'>Nariburgi</span> <span class='ocrx_word' id='word_1_43' title='bbox 1407 839 1557 949; x_wconf 87' lang='lat' dir='ltr'>(idest</span> <span class='ocrx_word' id='word_1_44' title='bbox 1578 838 1685 924; x_wconf 80' lang='lat' dir='ltr'>bora</span> <span class='ocrx_word' id='word_1_45' title='bbox 1708 851 1757 946; x_wconf 59' lang='lat'>43</span> 
     </span>
     <span class='ocr_line' id='line_1_7' title="bbox 185 963 1756 1092; baseline -0.013 -26"><span class='ocrx_word' id='word_1_46' title='bbox 185 981 388 1092; x_wconf 83' lang='lat' dir='ltr'>Londini)</span> <span class='ocrx_word' id='word_1_47' title='bbox 407 979 459 1062; x_wconf 92' lang='lat' dir='ltr'>D.</span> <span class='ocrx_word' id='word_1_48' title='bbox 481 978 751 1061; x_wconf 82' lang='lat' dir='ltr'>Zimmerma&#39;n</span> <span class='ocrx_word' id='word_1_49' title='bbox 773 991 980 1056; x_wconf 84' lang='lat' dir='ltr'>cometam</span> <span class='ocrx_word' id='word_1_50' title='bbox 1002 969 1106 1058; x_wconf 85' lang='lat' dir='ltr'>vidit</span> <span class='ocrx_word' id='word_1_51' title='bbox 1138 969 1180 1054; x_wconf 90' lang='lat' dir='ltr'>in</span> <span class='ocrx_word' id='word_1_52' title='bbox 1205 1001 1240 1066; x_wconf 74' lang='lat' dir='ltr'>tn</span> <span class='ocrx_word' id='word_1_53' title='bbox 1265 966 1328 1049; x_wconf 72' lang='lat' dir='ltr'>ssu.</span> <span class='ocrx_word' id='word_1_54' title='bbox 1356 963 1408 1063; x_wconf 85' lang='lat'>8&#39;,</span> <span class='ocrx_word' id='word_1_55' title='bbox 1427 991 1523 1050; x_wconf 83' lang='lat' dir='ltr'>cum</span> <span class='ocrx_word' id='word_1_56' title='bbox 1542 963 1756 1050; x_wconf 81' lang='lat' dir='ltr'>latitudine</span> 
     </span>
     <span class='ocr_line' id='line_1_8' title="bbox 187 1086 1748 1210; baseline -0.012 -24"><span class='ocrx_word' id='word_1_57' title='bbox 187 1104 343 1188; x_wconf 87' lang='lat' dir='ltr'>aullrali</span> <span class='ocrx_word' id='word_1_58' title='bbox 364 1125 431 1184; x_wconf 72' lang='lat' dir='ltr'>aar.</span> <span class='ocrx_word' id='word_1_59' title='bbox 455 1097 535 1200; x_wconf 82' lang='lat'>31&#39;,</span> <span class='ocrx_word' id='word_1_60' title='bbox 563 1099 690 1210; x_wconf 87' lang='lat' dir='ltr'>captis</span> <span class='ocrx_word' id='word_1_61' title='bbox 716 1095 868 1180; x_wconf 90' lang='lat' dir='ltr'>scilicet</span> <span class='ocrx_word' id='word_1_62' title='bbox 895 1090 1195 1199; x_wconf 84' lang='lat' dir='ltr'>ejus&#39;dislantiis</span> <span class='ocrx_word' id='word_1_63' title='bbox 1220 1089 1378 1176; x_wconf 82' lang='lat' dir='ltr'>assellis</span> <span class='ocrx_word' id='word_1_64' title='bbox 1399 1086 1501 1172; x_wconf 83' lang='lat' dir='ltr'>fixis.</span> <span class='ocrx_word' id='word_1_65' title='bbox 1564 1093 1568 1105; x_wconf 90' lang='lat'>&#39;</span> <span class='ocrx_word' id='word_1_66' title='bbox 1598 1119 1610 1163; x_wconf 92' lang='grc'>·.</span> <span class='ocrx_word' id='word_1_67' title='bbox 1744 1115 1748 1122; x_wconf 94' lang='grc'><em>·</em></span> 
     </span>
    </p>

    <p class='ocr_par' dir='ltr' id='par_1_4' title="bbox 192 1211 1756 1450">
     <span class='ocr_line' id='line_1_9' title="bbox 244 1211 1750 1328; baseline -0.008 -21"><span class='ocrx_word' id='word_1_68' title='bbox 244 1222 354 1308; x_wconf 84' lang='lat' dir='ltr'>Noo.</span> <span class='ocrx_word' id='word_1_69' title='bbox 383 1252 446 1328; x_wconf 85' lang='lat'>24.</span> <span class='ocrx_word' id='word_1_70' title='bbox 485 1223 597 1306; x_wconf 84' lang='lat' dir='ltr'>Ante</span> <span class='ocrx_word' id='word_1_71' title='bbox 629 1238 766 1304; x_wconf 90' lang='lat' dir='ltr'>ortum</span> <span class='ocrx_word' id='word_1_72' title='bbox 797 1216 887 1302; x_wconf 86' lang='lat' dir='ltr'>solis</span> <span class='ocrx_word' id='word_1_73' title='bbox 916 1234 1079 1298; x_wconf 86' lang='lat' dir='ltr'>cometa</span> <span class='ocrx_word' id='word_1_74' title='bbox 1107 1213 1211 1300; x_wconf 91' lang='lat' dir='ltr'>visus</span> <span class='ocrx_word' id='word_1_75' title='bbox 1241 1213 1299 1296; x_wconf 93' lang='lat' dir='ltr'>est</span> <span class='ocrx_word' id='word_1_76' title='bbox 1330 1239 1353 1295; x_wconf 86' lang='lat' dir='ltr'>a</span> <span class='ocrx_word' id='word_1_77' title='bbox 1379 1211 1618 1294; x_wconf 81' lang='lat' dir='ltr'>Montenaro</span> <span class='ocrx_word' id='word_1_78' title='bbox 1651 1211 1691 1296; x_wconf 92' lang='lat' dir='ltr'>in</span> <span class='ocrx_word' id='word_1_79' title='bbox 1716 1245 1750 1312; x_wconf 75' lang='grc' dir='ltr'>ηῑ</span> 
     </span>
     <span class='ocr_line' id='line_1_10' title="bbox 192 1333 1756 1450; baseline -0.003 -22"><span class='ocrx_word' id='word_1_80' title='bbox 192 1363 284 1429; x_wconf 67' lang='grc' dir='ltr'><strong>ιιετ.</strong></span> <span class='ocrx_word' id='word_1_81' title='bbox 306 1345 386 1450; x_wconf 90' lang='lat'>52&#39;,</span> <span class='ocrx_word' id='word_1_82' title='bbox 414 1344 464 1429; x_wconf 87' lang='lat' dir='ltr'>ad</span> <span class='ocrx_word' id='word_1_83' title='bbox 487 1342 651 1428; x_wconf 90' lang='lat' dir='ltr'>boreale</span> <span class='ocrx_word' id='word_1_84' title='bbox 678 1343 780 1426; x_wconf 87' lang='lat' dir='ltr'>latus</span> <span class='ocrx_word' id='word_1_85' title='bbox 800 1337 920 1424; x_wconf 75' lang='lat' dir='ltr'>rellae</span> <span class='ocrx_word' id='word_1_86' title='bbox 938 1361 1031 1448; x_wconf 86' lang='lat' dir='ltr'>quae</span> <span class='ocrx_word' id='word_1_87' title='bbox 1049 1363 1123 1447; x_wconf 89' lang='lat' dir='ltr'>per</span> <span class='ocrx_word' id='word_1_88' title='bbox 1142 1363 1216 1420; x_wconf 92' lang='lat' dir='ltr'>cor</span> <span class='ocrx_word' id='word_1_89' title='bbox 1241 1334 1369 1420; x_wconf 84' lang='lat' dir='ltr'>leonis</span> <span class='ocrx_word' id='word_1_90' title='bbox 1396 1333 1606 1444; x_wconf 85' lang='lat' dir='ltr'>&amp;spicam</span> <span class='ocrx_word' id='word_1_91' title='bbox 1632 1336 1756 1448; x_wconf 83' lang='lat' dir='ltr'>virgi·</span> 
     </span>
    </p>
   </div>
   <div class='ocr_carea' id='block_1_3' title="bbox 1782 341 1978 488">
    <p class='ocr_par' dir='ltr' id='par_1_5' title="bbox 1782 341 1978 488">
     <span class='ocr_line' id='line_1_11' title="bbox 1812 341 1937 402; baseline -0.024 0"><span class='ocrx_word' id='word_1_92' title='bbox 1812 341 1937 402; x_wconf 58' lang='lat' dir='ltr'>surra</span> 
     </span>
     <span class='ocr_line' id='line_1_12' title="bbox 1782 425 1978 488; baseline -0.051 0"><span class='ocrx_word' id='word_1_93' title='bbox 1782 425 1978 488; x_wconf 70' lang='lat' dir='ltr'>Tanarus.</span> 
     </span>
    </p>
   </div>
   <div class='ocr_carea' id='block_1_4' title="bbox 188 1457 1890 1576">
    <p class='ocr_par' dir='ltr' id='par_1_6' title="bbox 188 1457 1890 1576">
     <span class='ocr_line' id='line_1_13' title="bbox 188 1457 1890 1576; baseline -0.005 -22"><span class='ocrx_word' id='word_1_94' title='bbox 188 1471 250 1554; x_wconf 89' lang='lat' dir='ltr'>uis</span> <span class='ocrx_word' id='word_1_95' title='bbox 270 1469 511 1562; x_wconf 81' lang='lat' dir='ltr'>ducebatur,</span> <span class='ocrx_word' id='word_1_96' title='bbox 536 1464 717 1576; x_wconf 89' lang='lat' dir='ltr'>ideoque</span> <span class='ocrx_word' id='word_1_97' title='bbox 754 1461 1012 1546; x_wconf 87' lang='lat' dir='ltr'>latitudinem</span> <span class='ocrx_word' id='word_1_98' title='bbox 1046 1457 1186 1570; x_wconf 87' lang='lat' dir='ltr'>babuit</span> <span class='ocrx_word' id='word_1_99' title='bbox 1229 1458 1351 1569; x_wconf 90' lang='lat' dir='ltr'>pauso</span> <span class='ocrx_word' id='word_1_100' title='bbox 1386 1457 1591 1542; x_wconf 87' lang='lat' dir='ltr'>minorem</span> <span class='ocrx_word' id='word_1_101' title='bbox 1630 1485 1755 1570; x_wconf 86' lang='lat' dir='ltr'>quarn</span> <span class='ocrx_word' id='word_1_102' title='bbox 1887 1549 1890 1554; x_wconf 11' lang='grc' dir='ltr'><strong>Α</strong></span> 
     </span>
    </p>
   </div>
   <div class='ocr_carea' id='block_1_5' title="bbox 122 1581 1764 4416">
    <p class='ocr_par' dir='ltr' id='par_1_7' title="bbox 184 1581 1764 3290">
     <span class='ocr_line' id='line_1_14' title="bbox 188 1581 1753 1692; baseline -0.004 -18"><span class='ocrx_word' id='word_1_103' title='bbox 188 1615 256 1674; x_wconf 80' lang='lat' dir='ltr'>aar.</span> <span class='ocrx_word' id='word_1_104' title='bbox 275 1591 351 1692; x_wconf 78' lang='lat'>38&#39;.</span> <span class='ocrx_word' id='word_1_105' title='bbox 374 1588 483 1676; x_wconf 86' lang='lat' dir='ltr'>Haec</span> <span class='ocrx_word' id='word_1_106' title='bbox 499 1588 689 1684; x_wconf 88' lang='lat' dir='ltr'>latitudo,</span> <span class='ocrx_word' id='word_1_107' title='bbox 708 1585 768 1670; x_wconf 92' lang='lat' dir='ltr'>uti</span> <span class='ocrx_word' id='word_1_108' title='bbox 782 1584 973 1680; x_wconf 85' lang='lat' dir='ltr'>diximus,</span> <span class='ocrx_word' id='word_1_109' title='bbox 986 1608 1040 1666; x_wconf 87' lang='lat' dir='ltr'>ex</span> <span class='ocrx_word' id='word_1_110' title='bbox 1054 1581 1401 1666; x_wconf 89' lang='lat' dir='ltr'>observationibus</span> <span class='ocrx_word' id='word_1_111' title='bbox 1412 1581 1753 1680; x_wconf 60' lang='lat' dir='ltr'>Marmaridu-</span> 
     </span>
     <span class='ocr_line' id='line_1_15' title="bbox 184 1702 1757 1830; baseline -0.006 -30"><span class='ocrx_word' id='word_1_112' title='bbox 184 1717 302 1830; x_wconf 82' lang='lat' dir='ltr'>gonis</span> <span class='ocrx_word' id='word_1_113' title='bbox 325 1713 368 1798; x_wconf 89' lang='lat'>&amp;</span> <span class='ocrx_word' id='word_1_114' title='bbox 391 1711 551 1808; x_wconf 80' lang='lat' dir='ltr'>Hoosii,</span> <span class='ocrx_word' id='word_1_115' title='bbox 575 1726 778 1822; x_wconf 84' lang='lat' dir='ltr'>perpetuo</span> <span class='ocrx_word' id='word_1_116' title='bbox 801 1708 1048 1814; x_wconf 82' lang='lat' dir='ltr'>augebatur;</span> <span class='ocrx_word' id='word_1_117' title='bbox 1077 1705 1257 1818; x_wconf 89' lang='lat' dir='ltr'>ideoque</span> <span class='ocrx_word' id='word_1_118' title='bbox 1279 1703 1360 1814; x_wconf 87' lang='lat' dir='ltr'>jam</span> <span class='ocrx_word' id='word_1_119' title='bbox 1380 1705 1501 1814; x_wconf 88' lang='lat' dir='ltr'>paulo</span> <span class='ocrx_word' id='word_1_120' title='bbox 1523 1702 1651 1814; x_wconf 89' lang='lat' dir='ltr'>major</span> <span class='ocrx_word' id='word_1_121' title='bbox 1669 1727 1757 1790; x_wconf 87' lang='lat' dir='ltr'>erat</span> 
     </span>
     <span class='ocr_line' id='line_1_16' title="bbox 188 1827 1755 1951; baseline -0.004 -29"><span class='ocrx_word' id='word_1_122' title='bbox 188 1863 312 1951; x_wconf 89' lang='lat' dir='ltr'>quam</span> <span class='ocrx_word' id='word_1_123' title='bbox 335 1851 395 1918; x_wconf 59' lang='lat' dir='ltr'>rar.</span> <span class='ocrx_word' id='word_1_124' title='bbox 433 1831 499 1938; x_wconf 83' lang='lat'>58‘</span> <span class='ocrx_word' id='word_1_125' title='bbox 514 1871 526 1932; x_wconf 68' lang='grc' dir='ltr'><strong>ς</strong></span> <span class='ocrx_word' id='word_1_126' title='bbox 555 1830 599 1914; x_wconf 89' lang='lat'>&amp;</span> <span class='ocrx_word' id='word_1_127' title='bbox 628 1829 909 1942; x_wconf 82' lang='lat' dir='ltr'>magnitudine</span> <span class='ocrx_word' id='word_1_128' title='bbox 939 1828 1153 1925; x_wconf 90' lang='lat' dir='ltr'>mediocri,</span> <span class='ocrx_word' id='word_1_129' title='bbox 1182 1829 1263 1912; x_wconf 86' lang='lat' dir='ltr'>stne</span> <span class='ocrx_word' id='word_1_130' title='bbox 1295 1827 1463 1912; x_wconf 82' lang='lat' dir='ltr'>notabili</span> <span class='ocrx_word' id='word_1_131' title='bbox 1489 1853 1645 1925; x_wconf 85' lang='lat' dir='ltr'>errore,</span> <span class='ocrx_word' id='word_1_132' title='bbox 1682 1827 1755 1916; x_wconf 80' lang='lat' dir='ltr'>&#39;lla-</span> 
     </span>
     <span class='ocr_line' id='line_1_17' title="bbox 190 1950 1756 2071; baseline -0.004 -27"><span class='ocrx_word' id='word_1_133' title='bbox 190 1962 250 2046; x_wconf 90' lang='lat' dir='ltr'>tui</span> <span class='ocrx_word' id='word_1_134' title='bbox 276 1958 408 2071; x_wconf 73' lang='lat' dir='ltr'>potest</span> <span class='ocrx_word' id='word_1_135' title='bbox 434 1975 499 2040; x_wconf 74' lang='lat'>2⁸¹.</span> <span class='ocrx_word' id='word_1_136' title='bbox 533 1950 610 2038; x_wconf 86' lang='lat'>18‘.</span> <span class='ocrx_word' id='word_1_137' title='bbox 668 1953 951 2039; x_wconf 80' lang='lat' dir='ltr'>Latitudinem</span> <span class='ocrx_word' id='word_1_138' title='bbox 972 1952 1190 2034; x_wconf 82' lang='lat' dir='ltr'>Ponthaeus</span> <span class='ocrx_word' id='word_1_139' title='bbox 1216 1950 1259 2034; x_wconf 72' lang='grc' dir='ltr'>δι</span> <span class='ocrx_word' id='word_1_140' title='bbox 1279 1951 1482 2034; x_wconf 77' lang='lat' dir='ltr'>Galletiur</span> <span class='ocrx_word' id='word_1_141' title='bbox 1505 1950 1588 2060; x_wconf 86' lang='lat' dir='ltr'>jam</span> <span class='ocrx_word' id='word_1_142' title='bbox 1612 1951 1756 2038; x_wconf 89' lang='lat' dir='ltr'>decre·</span> 
     </span>
     <span class='ocr_line' id='line_1_18' title="bbox 187 2071 1756 2184; baseline -0.001 -20"><span class='ocrx_word' id='word_1_143' title='bbox 187 2079 287 2167; x_wconf 89' lang='lat' dir='ltr'>visse</span> <span class='ocrx_word' id='word_1_144' title='bbox 321 2083 479 2176; x_wconf 91' lang='lat' dir='ltr'>volunt,</span> <span class='ocrx_word' id='word_1_145' title='bbox 508 2077 552 2162; x_wconf 74' lang='grc' dir='ltr'>δι</span> <span class='ocrx_word' id='word_1_146' title='bbox 574 2079 725 2161; x_wconf 85' lang='lat' dir='ltr'>Cellius</span> <span class='ocrx_word' id='word_1_147' title='bbox 757 2076 800 2160; x_wconf 88' lang='lat'>&amp;</span> <span class='ocrx_word' id='word_1_148' title='bbox 819 2077 1056 2160; x_wconf 86' lang='lat' dir='ltr'>observator</span> <span class='ocrx_word' id='word_1_149' title='bbox 1081 2076 1122 2160; x_wconf 93' lang='lat' dir='ltr'>in</span> <span class='ocrx_word' id='word_1_150' title='bbox 1152 2071 1447 2184; x_wconf 81' lang='lat' dir='ltr'>Nova-Angliae</span> <span class='ocrx_word' id='word_1_151' title='bbox 1475 2072 1649 2160; x_wconf 90' lang='lat' dir='ltr'>eandem</span> <span class='ocrx_word' id='word_1_152' title='bbox 1669 2076 1756 2162; x_wconf 89' lang='lat' dir='ltr'>sere</span> 
     </span>
     <span class='ocr_line' id='line_1_19' title="bbox 189 2195 1757 2315; baseline -0.005 -25"><span class='ocrx_word' id='word_1_153' title='bbox 189 2203 515 2315; x_wconf 81' lang='lat' dir='ltr'>magnitudinem</span> <span class='ocrx_word' id='word_1_154' title='bbox 536 2195 756 2294; x_wconf 76' lang='lat' dir='ltr'>retinuisse,</span> <span class='ocrx_word' id='word_1_155' title='bbox 781 2197 935 2302; x_wconf 83' lang='lat' dir='ltr'>scilicet</span> <span class='ocrx_word' id='word_1_156' title='bbox 955 2195 1102 2304; x_wconf 84' lang='lat' dir='ltr'>gradus</span> <span class='ocrx_word' id='word_1_157' title='bbox 1120 2198 1238 2282; x_wconf 90' lang='lat' dir='ltr'>unius</span> <span class='ocrx_word' id='word_1_158' title='bbox 1258 2195 1323 2278; x_wconf 92' lang='lat' dir='ltr'>vel</span> <span class='ocrx_word' id='word_1_159' title='bbox 1340 2197 1457 2280; x_wconf 82' lang='lat' dir='ltr'>unius</span> <span class='ocrx_word' id='word_1_160' title='bbox 1478 2223 1572 2280; x_wconf 91' lang='lat' dir='ltr'>cum</span> <span class='ocrx_word' id='word_1_161' title='bbox 1591 2195 1757 2282; x_wconf 84' lang='lat' dir='ltr'>semisse.</span> 
     </span>
     <span class='ocr_line' id='line_1_20' title="bbox 190 2317 1764 2438; baseline -0.004 -28"><span class='ocrx_word' id='word_1_162' title='bbox 190 2324 414 2410; x_wconf 89' lang='lat' dir='ltr'>Crassiores</span> <span class='ocrx_word' id='word_1_163' title='bbox 436 2322 537 2438; x_wconf 90' lang='lat' dir='ltr'>sunt</span> <span class='ocrx_word' id='word_1_164' title='bbox 569 2319 871 2419; x_wconf 85' lang='lat' dir='ltr'>observationes</span> <span class='ocrx_word' id='word_1_165' title='bbox 890 2317 1080 2402; x_wconf 83' lang='lat' dir='ltr'>Ponthaei</span> <span class='ocrx_word' id='word_1_166' title='bbox 1105 2317 1149 2404; x_wconf 73' lang='grc' dir='ltr'>δι</span> <span class='ocrx_word' id='word_1_167' title='bbox 1172 2319 1303 2414; x_wconf 81' lang='lat' dir='ltr'>Cellr’i,</span> <span class='ocrx_word' id='word_1_168' title='bbox 1330 2345 1390 2402; x_wconf 79' lang='lat' dir='ltr'>eae</span> <span class='ocrx_word' id='word_1_169' title='bbox 1415 2319 1647 2433; x_wconf 77' lang='lat' dir='ltr'>praesertim.</span> <span class='ocrx_word' id='word_1_170' title='bbox 1667 2345 1764 2433; x_wconf 79' lang='lat' dir='ltr'>quaa</span> 
     </span>
     <span class='ocr_line' id='line_1_21' title="bbox 189 2433 1764 2558; baseline -0.003 -27"><span class='ocrx_word' id='word_1_171' title='bbox 189 2471 264 2558; x_wconf 85' lang='lat' dir='ltr'>per</span> <span class='ocrx_word' id='word_1_172' title='bbox 287 2445 519 2530; x_wconf 87' lang='lat' dir='ltr'>azimutbos&#39;</span> <span class='ocrx_word' id='word_1_173' title='bbox 537 2441 580 2528; x_wconf 77' lang='grc' dir='ltr'>δι</span> <span class='ocrx_word' id='word_1_174' title='bbox 600 2439 834 2558; x_wconf 70' lang='lat' dir='ltr'>altitudinet</span> <span class='ocrx_word' id='word_1_175' title='bbox 853 2433 1135 2552; x_wconf 16' lang='lat' dir='ltr'>*capiebantum¹</span> <span class='ocrx_word' id='word_1_176' title='bbox 1147 2439 1272 2524; x_wconf 87' lang='lat' dir='ltr'>ut&amp;</span> <span class='ocrx_word' id='word_1_177' title='bbox 1291 2465 1351 2524; x_wconf 86' lang='lat' dir='ltr'>eae</span> <span class='ocrx_word' id='word_1_178' title='bbox 1374 2440 1548 2526; x_wconf 77' lang='lat' dir='ltr'>Galletii.</span> <span class='ocrx_word' id='word_1_179' title='bbox 1562 2473 1584 2524; x_wconf 90' lang='lat'>.·.</span> <span class='ocrx_word' id='word_1_180' title='bbox 1617 2444 1764 2527; x_wconf 84' lang='lat' dir='ltr'>melio-</span> 
     </span>
     <span class='ocr_line' id='line_1_22' title="bbox 190 2561 1760 2678; baseline 0 -24"><span class='ocrx_word' id='word_1_181' title='bbox 190 2595 255 2654; x_wconf 88' lang='lat' dir='ltr'>res</span> <span class='ocrx_word' id='word_1_182' title='bbox 276 2569 367 2652; x_wconf 88' lang='lat' dir='ltr'>sunt</span> <span class='ocrx_word' id='word_1_183' title='bbox 387 2591 447 2651; x_wconf 83' lang='lat' dir='ltr'>eae</span> <span class='ocrx_word' id='word_1_184' title='bbox 464 2590 557 2678; x_wconf 87' lang='lat' dir='ltr'>quae</span> <span class='ocrx_word' id='word_1_185' title='bbox 579 2591 652 2674; x_wconf 88' lang='lat' dir='ltr'>per</span> <span class='ocrx_word' id='word_1_186' title='bbox 665 2561 895 2673; x_wconf 52' lang='lat' dir='ltr'>politiones</span> <span class='ocrx_word' id='word_1_187' title='bbox 914 2583 1090 2646; x_wconf 84' lang='lat' dir='ltr'>cometae</span> <span class='ocrx_word' id='word_1_188' title='bbox 1111 2562 1162 2647; x_wconf 89' lang='lat' dir='ltr'>ad</span> <span class='ocrx_word' id='word_1_189' title='bbox 1184 2563 1281 2646; x_wconf 83' lang='lat' dir='ltr'>fixas</span> <span class='ocrx_word' id='word_1_190' title='bbox 1302 2562 1760 2662; x_wconf 74' lang='lat' dir='ltr'>aMontenaro,Hooki02</span> 
     </span>
     <span class='ocr_line' id='line_1_23' title="bbox 191 2684 1761 2804; baseline -0.002 -26"><span class='ocrx_word' id='word_1_191' title='bbox 191 2693 355 2802; x_wconf 83' lang='lat' dir='ltr'>Angone</span> <span class='ocrx_word' id='word_1_192' title='bbox 380 2690 422 2774; x_wconf 78' lang='grc' dir='ltr'>δι</span> <span class='ocrx_word' id='word_1_193' title='bbox 452 2689 713 2804; x_wconf 86' lang='lat' dir='ltr'>observatore</span> <span class='ocrx_word' id='word_1_194' title='bbox 729 2686 782 2771; x_wconf 89' lang='lat' dir='ltr'>in</span> <span class='ocrx_word' id='word_1_195' title='bbox 801 2684 1113 2800; x_wconf 66' lang='lat' dir='ltr'>Nova-Angue,</span> <span class='ocrx_word' id='word_1_196' title='bbox 1139 2685 1182 2768; x_wconf 78' lang='lat' dir='ltr'>dc</span> <span class='ocrx_word' id='word_1_197' title='bbox 1210 2701 1547 2802; x_wconf 84' lang='lat' dir='ltr'>nonnunquama</span> <span class='ocrx_word' id='word_1_198' title='bbox 1567 2687 1761 2776; x_wconf 75' lang='lat' dir='ltr'>Pantheo</span> 
     </span>
     <span class='ocr_line' id='line_1_24' title="bbox 192 2805 1762 2922; baseline -0.001 -24"><span class='ocrx_word' id='word_1_199' title='bbox 192 2809 235 2898; x_wconf 79' lang='lat' dir='ltr'>dr</span> <span class='ocrx_word' id='word_1_200' title='bbox 249 2817 373 2898; x_wconf 85' lang='lat' dir='ltr'>Cellio</span> <span class='ocrx_word' id='word_1_201' title='bbox 397 2813 489 2898; x_wconf 91' lang='lat' dir='ltr'>sunt</span> <span class='ocrx_word' id='word_1_202' title='bbox 507 2805 631 2896; x_wconf 74' lang='lat' dir='ltr'>satlae.</span> <span class='ocrx_word' id='word_1_203' title='bbox 686 2805 851 2896; x_wconf 88' lang='lat' dir='ltr'>Eodem</span> <span class='ocrx_word' id='word_1_204' title='bbox 873 2810 941 2897; x_wconf 91' lang='lat' dir='ltr'>die</span> <span class='ocrx_word' id='word_1_205' title='bbox 959 2809 1011 2894; x_wconf 89' lang='lat' dir='ltr'>ad</span> <span class='ocrx_word' id='word_1_206' title='bbox 1033 2813 1179 2896; x_wconf 85' lang='lat' dir='ltr'>boram¹</span> <span class='ocrx_word' id='word_1_207' title='bbox 1197 2814 1382 2922; x_wconf 89' lang='lat' dir='ltr'>quintam</span> <span class='ocrx_word' id='word_1_208' title='bbox 1405 2814 1645 2900; x_wconf 86' lang='lat' dir='ltr'>matutinam</span> <span class='ocrx_word' id='word_1_209' title='bbox 1661 2815 1762 2900; x_wconf 85' lang='lat' dir='ltr'>Bal·</span> 
     </span>
     <span class='ocr_line' id='line_1_25' title="bbox 190 2931 1762 3050; baseline 0.003 -32"><span class='ocrx_word' id='word_1_210' title='bbox 190 2935 330 3042; x_wconf 81' lang='lat' dir='ltr'>lasorae</span> <span class='ocrx_word' id='word_1_211' title='bbox 355 2954 518 3020; x_wconf 92' lang='lat' dir='ltr'>cometa</span> <span class='ocrx_word' id='word_1_212' title='bbox 544 2931 832 3018; x_wconf 86' lang='lat' dir='ltr'>observabatur</span> <span class='ocrx_word' id='word_1_213' title='bbox 854 2937 898 3017; x_wconf 87' lang='lat' dir='ltr'>in</span> <span class='ocrx_word' id='word_1_214' title='bbox 921 2961 956 3025; x_wconf 87' lang='lat' dir='ltr'>vt</span> <span class='ocrx_word' id='word_1_215' title='bbox 981 2953 1068 3014; x_wconf 71' lang='lat' dir='ltr'>rra.</span> <span class='ocrx_word' id='word_1_216' title='bbox 1087 2932 1178 3036; x_wconf 87' lang='lat'>45‘;</span> <span class='ocrx_word' id='word_1_217' title='bbox 1207 2933 1388 3048; x_wconf 90' lang='lat' dir='ltr'>ideoque</span> <span class='ocrx_word' id='word_1_218' title='bbox 1406 2937 1459 3020; x_wconf 91' lang='lat' dir='ltr'>ad</span> <span class='ocrx_word' id='word_1_219' title='bbox 1478 2937 1622 3022; x_wconf 89' lang='lat' dir='ltr'>horam</span> <span class='ocrx_word' id='word_1_220' title='bbox 1640 2939 1762 3050; x_wconf 91' lang='lat' dir='ltr'>quin·</span> 
     </span>
     <span class='ocr_line' id='line_1_26' title="bbox 190 3051 1760 3153; baseline 0.004 -11"><span class='ocrx_word' id='word_1_221' title='bbox 190 3079 276 3144; x_wconf 89' lang='lat' dir='ltr'>ram</span> <span class='ocrx_word' id='word_1_222' title='bbox 298 3059 539 3142; x_wconf 85' lang='lat' dir='ltr'>matutinam</span> <span class='ocrx_word' id='word_1_223' title='bbox 562 3051 735 3138; x_wconf 79' lang='lat' dir='ltr'>Londini</span> <span class='ocrx_word' id='word_1_224' title='bbox 756 3074 841 3140; x_wconf 88' lang='lat' dir='ltr'>erat</span> <span class='ocrx_word' id='word_1_225' title='bbox 862 3056 905 3140; x_wconf 92' lang='lat' dir='ltr'>in</span> <span class='ocrx_word' id='word_1_226' title='bbox 928 3081 963 3146; x_wconf 79' lang='lat' dir='ltr'>vt</span> <span class='ocrx_word' id='word_1_227' title='bbox 987 3077 1065 3153; x_wconf 77' lang='lat' dir='ltr'>13u</span> <span class='ocrx_word' id='word_1_228' title='bbox 1102 3056 1282 3142; x_wconf 88' lang='lat' dir='ltr'>circiter.</span> <span class='ocrx_word' id='word_1_229' title='bbox 1337 3057 1419 3143; x_wconf 90' lang='lat' dir='ltr'>Per</span> <span class='ocrx_word' id='word_1_230' title='bbox 1438 3059 1639 3144; x_wconf 88' lang='lat' dir='ltr'>theoriam</span> <span class='ocrx_word' id='word_1_231' title='bbox 1658 3087 1760 3150; x_wconf 89' lang='lat' dir='ltr'>vero</span> 
     </span>
     <span class='ocr_line' id='line_1_27' title="bbox 191 3177 1026 3290; baseline -0.002 -24"><span class='ocrx_word' id='word_1_232' title='bbox 191 3202 356 3280; x_wconf 86' lang='lat' dir='ltr'>cometa</span> <span class='ocrx_word' id='word_1_233' title='bbox 378 3179 462 3290; x_wconf 88' lang='lat' dir='ltr'>jam</span> <span class='ocrx_word' id='word_1_234' title='bbox 480 3194 566 3263; x_wconf 89' lang='lat' dir='ltr'>erat</span> <span class='ocrx_word' id='word_1_235' title='bbox 585 3177 628 3262; x_wconf 93' lang='lat' dir='ltr'>in</span> <span class='ocrx_word' id='word_1_236' title='bbox 654 3200 689 3266; x_wconf 83' lang='lat' dir='ltr'>vt</span> <span class='ocrx_word' id='word_1_237' title='bbox 711 3201 801 3278; x_wconf 70' lang='lat'>138¹.</span> <span class='ocrx_word' id='word_1_238' title='bbox 819 3177 901 3264; x_wconf 84' lang='lat'>22&#39;.</span> <span class='ocrx_word' id='word_1_239' title='bbox 927 3178 1026 3286; x_wconf 85' lang='lat'>42&#39;‘.</span> 
     </span>
    </p>

    <p class='ocr_par' dir='ltr' id='par_1_8' title="bbox 191 3302 1763 3908">
     <span class='ocr_line' id='line_1_28' title="bbox 246 3302 1761 3410; baseline 0.006 -25"><span class='ocrx_word' id='word_1_240' title='bbox 246 3307 357 3392; x_wconf 80' lang='lat' dir='ltr'>Nou.</span> <span class='ocrx_word' id='word_1_241' title='bbox 378 3333 443 3410; x_wconf 85' lang='lat'>25.</span> <span class='ocrx_word' id='word_1_242' title='bbox 471 3305 585 3389; x_wconf 86' lang='lat' dir='ltr'>Ante</span> <span class='ocrx_word' id='word_1_243' title='bbox 604 3323 743 3388; x_wconf 90' lang='lat' dir='ltr'>ortum</span> <span class='ocrx_word' id='word_1_244' title='bbox 766 3302 858 3389; x_wconf 86' lang='lat' dir='ltr'>solis</span> <span class='ocrx_word' id='word_1_245' title='bbox 889 3303 1152 3388; x_wconf 74' lang='lat' dir='ltr'>Montanorus</span> <span class='ocrx_word' id='word_1_246' title='bbox 1182 3325 1388 3394; x_wconf 88' lang='lat' dir='ltr'>cometam</span> <span class='ocrx_word' id='word_1_247' title='bbox 1415 3303 1642 3394; x_wconf 82' lang='lat' dir='ltr'>observavit</span> <span class='ocrx_word' id='word_1_248' title='bbox 1661 3307 1704 3394; x_wconf 91' lang='lat' dir='ltr'>in</span> <span class='ocrx_word' id='word_1_249' title='bbox 1725 3331 1761 3403; x_wconf 82' lang='lat' dir='ltr'>tt</span> 
     </span>
     <span class='ocr_line' id='line_1_29' title="bbox 194 3421 1761 3542; baseline 0.002 -27"><span class='ocrx_word' id='word_1_250' title='bbox 194 3440 300 3536; x_wconf 65' lang='lat' dir='ltr'>17-’4u</span> <span class='ocrx_word' id='word_1_251' title='bbox 333 3428 513 3515; x_wconf 87' lang='lat' dir='ltr'>circiter.</span> <span class='ocrx_word' id='word_1_252' title='bbox 568 3421 625 3510; x_wconf 82' lang='lat' dir='ltr'>Et</span> <span class='ocrx_word' id='word_1_253' title='bbox 644 3425 796 3514; x_wconf 82' lang='lat' dir='ltr'>Cellius</span> <span class='ocrx_word' id='word_1_254' title='bbox 813 3426 1042 3514; x_wconf 86' lang='lat' dir='ltr'>observavit</span> <span class='ocrx_word' id='word_1_255' title='bbox 1068 3427 1220 3512; x_wconf 88' lang='lat' dir='ltr'>eodem</span> <span class='ocrx_word' id='word_1_256' title='bbox 1246 3450 1434 3542; x_wconf 92' lang='lat' dir='ltr'>tempore</span> <span class='ocrx_word' id='word_1_257' title='bbox 1460 3430 1575 3542; x_wconf 92' lang='lat' dir='ltr'>quod</span> <span class='ocrx_word' id='word_1_258' title='bbox 1596 3439 1761 3518; x_wconf 85' lang='lat' dir='ltr'>cometa</span> 
     </span>
     <span class='ocr_line' id='line_1_30' title="bbox 192 3546 1763 3666; baseline -0.001 -25"><span class='ocrx_word' id='word_1_259' title='bbox 192 3573 280 3641; x_wconf 86' lang='lat' dir='ltr'>erat</span> <span class='ocrx_word' id='word_1_260' title='bbox 304 3553 346 3640; x_wconf 94' lang='lat' dir='ltr'>in</span> <span class='ocrx_word' id='word_1_261' title='bbox 366 3553 471 3637; x_wconf 86' lang='lat' dir='ltr'>linea</span> <span class='ocrx_word' id='word_1_262' title='bbox 492 3546 600 3634; x_wconf 75' lang='lat' dir='ltr'>resia</span> <span class='ocrx_word' id='word_1_263' title='bbox 620 3548 727 3634; x_wconf 91' lang='lat' dir='ltr'>inter</span> <span class='ocrx_word' id='word_1_264' title='bbox 748 3549 898 3636; x_wconf 87' lang='lat' dir='ltr'>stellam</span> <span class='ocrx_word' id='word_1_265' title='bbox 916 3549 1093 3637; x_wconf 89' lang='lat' dir='ltr'>lucidam</span> <span class='ocrx_word' id='word_1_266' title='bbox 1120 3554 1163 3638; x_wconf 94' lang='lat' dir='ltr'>in</span> <span class='ocrx_word' id='word_1_267' title='bbox 1183 3553 1333 3638; x_wconf 85' lang='lat' dir='ltr'>dextro</span> <span class='ocrx_word' id='word_1_268' title='bbox 1353 3553 1512 3639; x_wconf 89' lang='lat' dir='ltr'>semore</span> <span class='ocrx_word' id='word_1_269' title='bbox 1531 3553 1697 3666; x_wconf 87' lang='lat' dir='ltr'>virginis</span> <span class='ocrx_word' id='word_1_270' title='bbox 1716 3553 1763 3640; x_wconf 77' lang='grc' dir='ltr'>δε</span> 
     </span>
     <span class='ocr_line' id='line_1_31' title="bbox 191 3672 1760 3785; baseline 0.004 -21"><span class='ocrx_word' id='word_1_271' title='bbox 191 3680 351 3764; x_wconf 90' lang='lat' dir='ltr'>lancem</span> <span class='ocrx_word' id='word_1_272' title='bbox 369 3674 577 3760; x_wconf 90' lang='lat' dir='ltr'>aullralem</span> <span class='ocrx_word' id='word_1_273' title='bbox 592 3673 719 3770; x_wconf 82' lang='lat' dir='ltr'>librae,</span> <span class='ocrx_word' id='word_1_274' title='bbox 738 3672 782 3756; x_wconf 72' lang='grc' dir='ltr'>ἃ</span> <span class='ocrx_word' id='word_1_275' title='bbox 799 3675 888 3759; x_wconf 86' lang='lat' dir='ltr'>baec</span> <span class='ocrx_word' id='word_1_276' title='bbox 909 3675 1017 3761; x_wconf 74' lang='lat' dir='ltr'>resia</span> <span class='ocrx_word' id='word_1_277' title='bbox 1035 3675 1142 3762; x_wconf 86' lang='lat' dir='ltr'>secat</span> <span class='ocrx_word' id='word_1_278' title='bbox 1163 3678 1269 3762; x_wconf 89' lang='lat' dir='ltr'>viam</span> <span class='ocrx_word' id='word_1_279' title='bbox 1286 3701 1461 3764; x_wconf 83' lang='lat' dir='ltr'>cometae</span> <span class='ocrx_word' id='word_1_280' title='bbox 1473 3681 1515 3767; x_wconf 93' lang='lat' dir='ltr'>in</span> <span class='ocrx_word' id='word_1_281' title='bbox 1529 3715 1565 3782; x_wconf 65' lang='lat' dir='ltr'>a</span> <span class='ocrx_word' id='word_1_282' title='bbox 1579 3681 1666 3772; x_wconf 72' lang='lat' dir='ltr'>tta.</span> <span class='ocrx_word' id='word_1_283' title='bbox 1679 3680 1760 3785; x_wconf 83' lang='lat'>36&#39;.</span> 
     </span>
     <span class='ocr_line' id='line_1_32' title="bbox 193 3797 1456 3908; baseline -0.001 -17"><span class='ocrx_word' id='word_1_284' title='bbox 193 3805 273 3891; x_wconf 88' lang='lat' dir='ltr'>Per</span> <span class='ocrx_word' id='word_1_285' title='bbox 293 3800 495 3887; x_wconf 88' lang='lat' dir='ltr'>theoriam</span> <span class='ocrx_word' id='word_1_286' title='bbox 515 3823 615 3883; x_wconf 91' lang='lat' dir='ltr'>vero</span> <span class='ocrx_word' id='word_1_287' title='bbox 634 3818 797 3884; x_wconf 88' lang='lat' dir='ltr'>cometa</span> <span class='ocrx_word' id='word_1_288' title='bbox 815 3797 898 3908; x_wconf 88' lang='lat' dir='ltr'>jam</span> <span class='ocrx_word' id='word_1_289' title='bbox 917 3822 1003 3885; x_wconf 90' lang='lat' dir='ltr'>erat</span> <span class='ocrx_word' id='word_1_290' title='bbox 1023 3802 1064 3886; x_wconf 92' lang='lat' dir='ltr'>in</span> <span class='ocrx_word' id='word_1_291' title='bbox 1087 3825 1123 3892; x_wconf 77' lang='lat' dir='ltr'>tt</span> <span class='ocrx_word' id='word_1_292' title='bbox 1142 3801 1254 3903; x_wconf 69' lang='lat' dir='ltr'>18-2ar.</span> <span class='ocrx_word' id='word_1_293' title='bbox 1278 3805 1456 3890; x_wconf 91' lang='lat' dir='ltr'>circiter.</span> 
     </span>
    </p>

    <p class='ocr_par' dir='ltr' id='par_1_9' title="bbox 122 3919 1762 4416">
     <span class='ocr_line' id='line_1_33' title="bbox 247 3919 1761 4041; baseline 0.003 -31"><span class='ocrx_word' id='word_1_294' title='bbox 247 3925 496 4034; x_wconf 85' lang='lat' dir='ltr'>Congruunt</span> <span class='ocrx_word' id='word_1_295' title='bbox 516 3921 641 4030; x_wconf 85' lang='lat' dir='ltr'>igitur</span> <span class='ocrx_word' id='word_1_296' title='bbox 659 3921 722 4006; x_wconf 84' lang='lat' dir='ltr'>hae</span> <span class='ocrx_word' id='word_1_297' title='bbox 744 3919 1045 4009; x_wconf 87' lang='lat' dir='ltr'>observationes</span> <span class='ocrx_word' id='word_1_298' title='bbox 1066 3950 1161 4008; x_wconf 88' lang='lat' dir='ltr'>curn</span> <span class='ocrx_word' id='word_1_299' title='bbox 1180 3926 1338 4010; x_wconf 87' lang='lat' dir='ltr'>theoria</span> <span class='ocrx_word' id='word_1_300' title='bbox 1359 3948 1558 4038; x_wconf 89' lang='lat' dir='ltr'>quatenus</span> <span class='ocrx_word' id='word_1_301' title='bbox 1585 3955 1761 4041; x_wconf 85' lang='lat' dir='ltr'>congru-</span> 
     </span>
     <span class='ocr_line' id='line_1_34' title="bbox 122 4043 1762 4156; baseline 0.003 -22"><span class='ocrx_word' id='word_1_302' title='bbox 122 4049 125 4053; x_wconf 78' lang='grc'><strong><em>’</em></strong></span> <span class='ocrx_word' id='word_1_303' title='bbox 194 4067 268 4134; x_wconf 91' lang='lat' dir='ltr'>unt</span> <span class='ocrx_word' id='word_1_304' title='bbox 291 4049 400 4132; x_wconf 90' lang='lat' dir='ltr'>inter</span> <span class='ocrx_word' id='word_1_305' title='bbox 420 4047 476 4142; x_wconf 90' lang='lat' dir='ltr'>se,</span> <span class='ocrx_word' id='word_1_306' title='bbox 503 4043 547 4126; x_wconf 82' lang='lat' dir='ltr'>dc</span> <span class='ocrx_word' id='word_1_307' title='bbox 573 4043 844 4154; x_wconf 89' lang='lat' dir='ltr'>congruendo</span> <span class='ocrx_word' id='word_1_308' title='bbox 868 4049 1043 4156; x_wconf 86' lang='lat' dir='ltr'>probant</span> <span class='ocrx_word' id='word_1_309' title='bbox 1074 4074 1202 4134; x_wconf 93' lang='lat' dir='ltr'>unum</span> <span class='ocrx_word' id='word_1_310' title='bbox 1223 4049 1265 4132; x_wconf 73' lang='grc' dir='ltr'>δι</span> <span class='ocrx_word' id='word_1_311' title='bbox 1286 4052 1464 4137; x_wconf 91' lang='lat' dir='ltr'>eundern</span> <span class='ocrx_word' id='word_1_312' title='bbox 1483 4053 1598 4140; x_wconf 80' lang='lat' dir='ltr'>fuisse</span> <span class='ocrx_word' id='word_1_313' title='bbox 1623 4081 1762 4139; x_wconf 91' lang='lat' dir='ltr'>come·</span> 
     </span>
     <span class='ocr_line' id='line_1_35' title="bbox 192 4168 1758 4294; baseline 0.004 -36"><span class='ocrx_word' id='word_1_314' title='bbox 192 4193 294 4272; x_wconf 91' lang='lat' dir='ltr'>tam,</span> <span class='ocrx_word' id='word_1_315' title='bbox 323 4168 397 4287; x_wconf 90' lang='lat' dir='ltr'>qui</span> <span class='ocrx_word' id='word_1_316' title='bbox 427 4186 521 4252; x_wconf 87' lang='lat' dir='ltr'>toto</span> <span class='ocrx_word' id='word_1_317' title='bbox 551 4185 740 4282; x_wconf 89' lang='lat' dir='ltr'>tempore</span> <span class='ocrx_word' id='word_1_318' title='bbox 769 4196 792 4255; x_wconf 89' lang='lat' dir='ltr'>a</span> <span class='ocrx_word' id='word_1_319' title='bbox 821 4192 970 4286; x_wconf 90' lang='lat' dir='ltr'>quarto</span> <span class='ocrx_word' id='word_1_320' title='bbox 999 4170 1067 4262; x_wconf 90' lang='lat' dir='ltr'>die</span> <span class='ocrx_word' id='word_1_321' title='bbox 1089 4171 1334 4264; x_wconf 85' lang='lat' dir='ltr'>Novembris</span> <span class='ocrx_word' id='word_1_322' title='bbox 1364 4180 1416 4268; x_wconf 89' lang='lat' dir='ltr'>ad</span> <span class='ocrx_word' id='word_1_323' title='bbox 1445 4181 1571 4294; x_wconf 90' lang='lat' dir='ltr'>usque</span> <span class='ocrx_word' id='word_1_324' title='bbox 1600 4203 1758 4267; x_wconf 88' lang='lat' dir='ltr'>nonum</span> 
     </span>
     <span class='ocr_line' id='line_1_36' title="bbox 194 4293 1761 4416; baseline 0.006 -36"><span class='ocrx_word' id='word_1_325' title='bbox 194 4297 353 4382; x_wconf 83' lang='lat' dir='ltr'>Martii</span> <span class='ocrx_word' id='word_1_326' title='bbox 380 4293 576 4407; x_wconf 89' lang='lat' dir='ltr'>apparuit.</span> <span class='ocrx_word' id='word_1_327' title='bbox 610 4293 864 4406; x_wconf 77' lang='lat' dir='ltr'>Trajesioria</span> <span class='ocrx_word' id='word_1_328' title='bbox 882 4319 1058 4384; x_wconf 84' lang='lat' dir='ltr'>cometae</span> <span class='ocrx_word' id='word_1_329' title='bbox 1075 4301 1191 4410; x_wconf 87' lang='lat' dir='ltr'>hujus</span> <span class='ocrx_word' id='word_1_330' title='bbox 1220 4303 1280 4388; x_wconf 90' lang='lat' dir='ltr'>bis</span> <span class='ocrx_word' id='word_1_331' title='bbox 1302 4304 1429 4391; x_wconf 87' lang='lat' dir='ltr'>secuit</span> <span class='ocrx_word' id='word_1_332' title='bbox 1450 4308 1613 4416; x_wconf 90' lang='lat' dir='ltr'>planum</span> <span class='ocrx_word' id='word_1_333' title='bbox 1637 4306 1761 4416; x_wconf 83' lang='lat' dir='ltr'>eclip-</span> 
     </span>
    </p>
   </div>
   <div class='ocr_carea' id='block_1_6' title="bbox 56 4419 1763 4542">
    <p class='ocr_par' dir='ltr' id='par_1_10' title="bbox 56 4419 1763 4542">
     <span class='ocr_line' id='line_1_37' title="bbox 56 4419 1763 4542; baseline 0.004 -37"><span class='ocrx_word' id='word_1_334' title='bbox 56 4512 73 4524; x_wconf 52' lang='lat'><strong>„</strong></span> <span class='ocrx_word' id='word_1_335' title='bbox 194 4419 364 4520; x_wconf 67' lang='lat' dir='ltr'>tiem&amp;</span> <span class='ocrx_word' id='word_1_336' title='bbox 383 4438 601 4530; x_wconf 86' lang='lat' dir='ltr'>propterea</span> <span class='ocrx_word' id='word_1_337' title='bbox 620 4422 801 4532; x_wconf 84' lang='lat' dir='ltr'>nonfuit</span> <span class='ocrx_word' id='word_1_338' title='bbox 820 4420 1037 4510; x_wconf 75' lang='lat' dir='ltr'>resiliinea.</span> <span class='ocrx_word' id='word_1_339' title='bbox 1094 4423 1339 4538; x_wconf 83' lang='lat' dir='ltr'>Eclipticam</span> <span class='ocrx_word' id='word_1_340' title='bbox 1366 4430 1495 4516; x_wconf 87' lang='lat' dir='ltr'>secuit</span> <span class='ocrx_word' id='word_1_341' title='bbox 1515 4457 1599 4516; x_wconf 91' lang='lat' dir='ltr'>non</span> <span class='ocrx_word' id='word_1_342' title='bbox 1626 4433 1668 4517; x_wconf 96' lang='lat' dir='ltr'>in</span> <span class='ocrx_word' id='word_1_343' title='bbox 1688 4456 1763 4542; x_wconf 87' lang='lat' dir='ltr'>op·</span> 
     </span>
    </p>
   </div>
   <div class='ocr_carea' id='block_1_7' title="bbox 195 4542 1763 4798">
    <p class='ocr_par' dir='ltr' id='par_1_11' title="bbox 195 4542 1763 4798">
     <span class='ocr_line' id='line_1_38' title="bbox 195 4542 1763 4668; baseline 0.008 -42"><span class='ocrx_word' id='word_1_344' title='bbox 195 4542 334 4655; x_wconf 78' lang='lat' dir='ltr'>postris</span> <span class='ocrx_word' id='word_1_345' title='bbox 354 4542 453 4627; x_wconf 89' lang='lat' dir='ltr'>coeli</span> <span class='ocrx_word' id='word_1_346' title='bbox 474 4545 668 4654; x_wconf 86' lang='lat' dir='ltr'>partibus,</span> <span class='ocrx_word' id='word_1_347' title='bbox 696 4543 830 4633; x_wconf 91' lang='lat' dir='ltr'>sedin</span> <span class='ocrx_word' id='word_1_348' title='bbox 851 4549 933 4636; x_wconf 87' lang='lat' dir='ltr'>sine</span> <span class='ocrx_word' id='word_1_349' title='bbox 951 4551 1119 4661; x_wconf 85' lang='lat' dir='ltr'>virginis</span> <span class='ocrx_word' id='word_1_350' title='bbox 1143 4550 1185 4634; x_wconf 80' lang='lat' dir='ltr'>dr</span> <span class='ocrx_word' id='word_1_351' title='bbox 1208 4555 1674 4668; x_wconf 85' lang='lat' dir='ltr'>principio-capricorni,</span> <span class='ocrx_word' id='word_1_352' title='bbox 1701 4555 1763 4638; x_wconf 88' lang='lat' dir='ltr'>in·</span> 
     </span>
     <span class='ocr_line' id='line_1_39' title="bbox 195 4669 1760 4798; baseline 0.008 -47"><span class='ocrx_word' id='word_1_353' title='bbox 195 4669 365 4754; x_wconf 89' lang='lat' dir='ltr'>tervallo</span> <span class='ocrx_word' id='word_1_354' title='bbox 384 4671 586 4776; x_wconf 81' lang='lat' dir='ltr'>graduum</span> <span class='ocrx_word' id='word_1_355' title='bbox 606 4671 657 4781; x_wconf 85' lang='lat'>98</span> <span class='ocrx_word' id='word_1_356' title='bbox 676 4671 871 4778; x_wconf 63' lang='lat' dir='ltr'>circiter}</span> <span class='ocrx_word' id='word_1_357' title='bbox 899 4676 1081 4792; x_wconf 90' lang='lat' dir='ltr'>ideoque</span> <span class='ocrx_word' id='word_1_358' title='bbox 1098 4673 1236 4764; x_wconf 90' lang='lat' dir='ltr'>cursus</span> <span class='ocrx_word' id='word_1_359' title='bbox 1253 4705 1429 4768; x_wconf 85' lang='lat' dir='ltr'>contetae</span> <span class='ocrx_word' id='word_1_360' title='bbox 1447 4684 1666 4798; x_wconf 87' lang='lat' dir='ltr'>plurimum</span> <span class='ocrx_word' id='word_1_361' title='bbox 1687 4675 1760 4764; x_wconf 89' lang='lat' dir='ltr'>de·</span> 
     </span>
    </p>
   </div>
   <div class='ocr_carea' id='block_1_8' title="bbox 937 4797 1801 4889">
    <p class='ocr_par' dir='ltr' id='par_1_12' title="bbox 937 4797 1801 4889">
     <span class='ocr_line' id='line_1_40' title="bbox 937 4797 1801 4889; baseline 0 -1"><span class='ocrx_word' id='word_1_362' title='bbox 937 4799 1080 4888; x_wconf 81' lang='lat' dir='ltr'>&#39;Ttt</span> <span class='ocrx_word' id='word_1_363' title='bbox 1201 4803 1206 4810; x_wconf 79' lang='grc'><em>’</em></span> <span class='ocrx_word' id='word_1_364' title='bbox 1621 4797 1760 4889; x_wconf 72' lang='lat' dir='ltr'>slede·</span> <span class='ocrx_word' id='word_1_365' title='bbox 1797 4829 1801 4840; x_wconf 90' lang='lat'>·</span> 
     </span>
    </p>
   </div>
   <div class='ocr_carea' id='block_1_9' title="bbox 0 0 2189 5656">
    <p class='ocr_par' dir='ltr' id='par_1_13' title="bbox 0 0 2189 5656">
     <span class='ocr_line' id='line_1_41' title="bbox 0 0 2189 5656; baseline 0 0"><span class='ocrx_word' id='word_1_366' title='bbox 0 0 2189 5656; x_wconf 95' lang='lat' dir='ltr'> </span> 
     </span>
    </p>
   </div>
  </div>
 </body>
</html>
