4450 5674
948 515 970 610 1
1004 515 1055 612 Ν
1106 595 1117 612 ,

551 782 719 889 VlRl
776 765 1450 879 PRAESTANTts'srmr

224 1043 810 1214 ISAACI
927 1025 1790 1206 NEWTONI

755 1317 950 1481 drUs
1001 1373 1261 1474 rrocee

488 1633 1520 1740 MATHEMATrco-PrrrschM

272 1897 481 2062 seculi
507 1895 854 2074 gentisque
884 1891 1122 2029 nostroe
1157 1889 1363 2028 decus
1395 1894 1748 2064 egregium.

355 2218 407 2316 N
437 2211 523 2312 tibi
546 2246 714 2312 norma
737 2211 851 2352 poli,
891 2223 937 2312 δε
961 2209 1076 2312 divae
1097 2207 1341 2312 libramina
1362 2205 1514 2332 molit,

391 2357 650 2487 Computus
688 2387 747 2450 en
770 2355 921 2480 Jovis5
961 2363 1007 2450 &
1031 2383 1158 2488 quas,
1196 2347 1305 2449 dum
1334 2343 1583 2484 primordia
1606 2373 1758 2444 rtrum

230 2497 474 2629 Pangeret,
500 2495 798 2626 omniparens
824 2489 949 2626 leges
981 2487 1156 2588 violare
1187 2517 1363 2591 creator

37 2676 40 2701 ·
230 2633 420 2757 Noluit,
456 2655 592 2770 atque
608 2663 802 2766 operum
824 2663 925 2766 quae
947 2627 1250 2730 fundamenta
1272 2621 1451 2727 loedrit.

234 2775 406 2870 Intima
432 2767 695 2905 panduntur
717 2773 828 2866 vieti
854 2765 1105 2905 penetralia
1129 2766 1242 2890 caeli,

233 2915 344 3011 Nec
366 2905 478 3008 latet
503 2933 731 3008 extremos
755 2911 944 3045 quaevis
980 2909 1279 3007 circumrorat
1302 2899 1450 3006 orbes.
1603 2915 1605 2920 ’

234 3047 312 3149 Sol
335 3042 452 3147 solio
468 3041 664 3145 residens
696 3043 755 3145 ad
779 3041 972 3182 sejubet
1004 3051 1164 3147 omnia
1189 3079 1343 3184 prono

236 3186 456 3289 Tendere
483 3179 709 3310 descensu,
747 3220 834 3285 nec
856 3189 986 3286 reeto
1011 3190 1196 3286 tremite
1216 3220 1369 3288 currus

237 3327 431 3426 Siderios
455 3331 622 3458 patimr
647 3319 826 3424 vastum
849 3357 932 3462 per
956 3328 1094 3424 inane
1127 3331 1332 3450 moveri,

238 3463 325 3563 Sed
346 3469 466 3598 rapit
490 3467 712 3582 immotis,
748 3456 792 3557 se
820 3490 997 3580 centro,
1035 3457 1209 3700 Γιηξιιλα
1240 3469 1378 3600 gyris.

238 3609 341 3731 Jam
378 3624 503 3736 patet
534 3594 763 3698 horrificis
788 3632 888 3736 quae
920 3591 974 3694 fit
998 3603 1074 3696 via
1128 3634 1212 3702 era
1242 3609 1461 3728 cometis,

239 3747 341 3869 Jam
369 3773 466 3836 non
490 3744 708 3837 miramur
722 3733 898 3838 barbati
922 3732 1231 3873 phaenomena
1254 3737 1371 3842 astri.

244 3875 470 3978 Discimus
497 3873 610 3975 hinc
630 3876 818 3977 tandem
838 3909 929 4016 qua
960 3871 1089 3980 causa
1115 3909 1332 4016 argentea
1354 3876 1529 3984 Phoebe

241 4012 436 4116 Paffibus
467 4012 591 4114 haud
618 4021 752 4154 aequis
777 4015 1004 4152 graditur,-
1029 4050 1107 4118 cur
1127 4013 1304 4120 subdita
1326 4019 1440 4122 nulli

242 4161 479 4256 Hadtenus
498 4150 766 4254 astronomo
783 4189 1080 4254 numerorum
1103 4153 1243 4257 fraena
1272 4157 1463 4260 recuset:

244 4299 342 4393 Cur
366 4321 574 4393 remeant
600 4292 729 4417 nodi,
768 4328 936 4434 curque
958 4326 1091 4430 auges
1115 4298 1482 4434 progrediuntur.

246 4435 471 4532 Discimus
495 4439 737 4569 &quantis
762 4433 952 4532 refluum
971 4464 1090 4568 vaga
1113 4431 1322 4568 Cynthia
1347 4469 1546 4574 pontum

246 4567 438 4674 Viribus
470 4571 685 4707 impellit,
723 4567 835 4670 fellis
859 4571 968 4670 dum
1001 4569 1209 4673 fluetibus
1234 4575 1390 4677 ulvam

247 4707 440 4832 Deserit,
478 4743 532 4807 ac
558 4715 703 4806 nautis
730 4706 947 4849 suspectas
970 4711 1113 4809 nudat
1146 4745 1326 4836 arenas;

249 4847 452 4949 Alternis
470 4845 642 4950 vicibus
670 4845 880 4987 suprema
909 4848 966 4951 ad
988 4847 1143 4951 littora
1174 4847 1367 4989 pulsans.

1694 4999 1815 5127 Qu
