4312 5652
397 237 1448 344 unrnotrrnnrnrnenrnrtcn
1626 276 1720 372 r97

1 381 18 429 ⁸
128 413 276 501 estut
300 409 480 498 dillantia
498 409 613 508 PH3
644 409 686 493 lic
706 409 797 520 (per
816 409 952 522 legum
968 411 1094 495 corol.
1114 414 1170 520 ι.)
1197 408 1418 496 secundum
1445 414 1591 496 lineam
1620 410 1723 504 PG,
1767 413 1902 551 prm

4 635 9 646 ,
129 538 218 621 seu
254 537 385 620 versus
405 557 593 618 centrum
616 532 657 628 S,
688 553 732 616 ut
754 533 972 640 longitudo
996 534 1099 617 PG.
1166 533 1291 644 Igitur
1321 533 1564 646 punctorum
1593 539 1722 618 omni·
1790 585 1795 592 ·
1851 533 1853 536 ’

9 711 13 723 -
131 687 219 744 um
254 661 294 744 in
322 663 442 770 plano
476 659 515 740 E
530 659 580 756 F,
608 661 687 741 hoc
709 656 765 740 est
789 657 896 768 plani
920 661 1045 743 totius
1069 659 1141 752 vis,
1168 685 1247 772 qua
1274 663 1558 770 corpusculum
1586 660 1628 744 P
1648 684 1724 744 tra·

131 789 266 871 bitur
296 788 429 870 versus
451 807 640 868 centrum
663 786 706 879 S,
735 785 791 868 cll
818 802 864 866 ut
887 785 1069 868 dillantia
1091 785 1179 868 PG
1209 789 1470 898 multiplicata
1492 817 1563 899 per
1584 816 1725 870 numc-

3 899 13 976 ἔ
133 939 245 995 rum
272 911 528 1022 punslorum
558 911 597 992 id
625 909 695 1002 cll,
725 929 769 992 ut
796 909 968 993 solidum
1001 909 1113 1023 quod
1146 912 1380 997 continetur
1407 914 1478 996 sub
1502 917 1618 1024 plano
1639 913 1727 1023 ipso

5 1055 13 1077 ·’
134 1037 308 1119 EF&
335 1035 518 1118 dillantia
546 1035 610 1117 illa
640 1033 740 1114 PG.
795 1029 849 1116 Et
878 1033 1057 1118 similiter
1088 1033 1147 1119 vis
1174 1035 1278 1145 plani
1301 1065 1320 1116 e
1326 1043 1365 1143 fj
1396 1065 1475 1148 qua
1506 1043 1725 1148 corpuscu-

133 1165 236 1247 lum
264 1165 304 1243 ·P
322 1161 492 1243 trabitur
523 1158 655 1240 versus
675 1175 861 1240 centrum
883 1158 925 1253 S,
953 1157 1009 1240 cll
1029 1180 1073 1241 ut
1094 1161 1256 1268 planum
1281 1163 1377 1244 illud
1399 1165 1565 1250 dullum
1596 1169 1635 1249 in
1665 1163 1725 1248 di-

136 1290 342 1370 llantiam
376 1285 484 1367 suam
505 1285 597 1394 eg,
626 1281 705 1364 srve
729 1303 773 1368 ut
799 1283 893 1366 huic
921 1285 1074 1396 aequale
1100 1287 1262 1394 planum
1293 1287 1334 1370 E
1347 1290 1386 1370 F
1403 1290 1570 1374 dullum
1597 1292 1637 1372 in
1668 1291 1727 1372 di-

1 1434 11 1484 t
136 1413 339 1498 stantiam
363 1409 468 1491 illam
495 1409 536 1489 P
546 1435 606 1518 ἐς
637 1405 678 1488 &
699 1405 852 1492 summa
871 1408 1018 1490 virium
1042 1411 1148 1520 plani
1169 1413 1376 1525 utriusque
1400 1437 1444 1496 ur
1462 1419 1624 1528 planum
1647 1413 1687 1494 E
1695 1415 1733 1522 [ζ

2 1567 8 1580 ’
137 1541 327 1624 dublum
347 1543 390 1622 in
411 1536 606 1620 summam
639 1531 916 1616 distantiarum
942 1533 1182 1648 Poreg,
1211 1536 1339 1636 idest,
1367 1561 1410 1622 ut
1435 1541 1597 1650 planum
1624 1541 1724 1625 illud

139 1661 327 1748 dubium
354 1663 395 1746 in
424 1659 590 1770 duplam
610 1656 741 1740 centri
775 1653 818 1737 δι
847 1655 1079 1768 corpusculi
1098 1658 1326 1745 distantiam
1353 1664 1448 1761 PS,
1478 1665 1649 1762 necess,
1678 1689 1724 1750 ut

1 1785 2 1792 ‘
140 1788 329 1900 duplum
355 1785 518 1897 planum
546 1780 640 1862 EF
665 1777 836 1864 dunum
859 1779 902 1864 in
927 1781 1155 1868 distantiam
1185 1785 1227 1865 ‘P
1246 1785 1290 1883 S,
1321 1787 1389 1870 vel·
1419 1809 1464 1871 ut
1492 1788 1646 1874 summa
1675 1817 1726 1872 ae-

141 1917 337 2029 qualium
366 1915 578 2026 planorum
607 1906 694 1988 EF
698 1923 766 2003 ÷e
771 1909 813 2010 f
825 1903 944 1991 dulia
972 1914 1013 1992 in
1042 1909 1267 1997 dillantiam
1300 1917 1484 1999 eandem.
1540 1913 1594 1997 Et
1615 1917 1728 2000 simili

1 2070 8 2120 .·
142 2059 419 2150 argumenm,
456 2037 561 2118 vires
586 2033 770 2118 omnium
802 2033 1014 2140 planorum
1045 2035 1086 2118 in
1110 2037 1261 2146 sphaera
1290 2061 1390 2136 tota,
1427 2041 1646 2124 hincinde
1677 2071 1728 2125 ae-

142 2166 332 2280 qualiter
363 2181 548 2246 acentro
572 2156 739 2270 spbaerae
767 2155 1011 2253 distantium,
1047 2159 1136 2243 sunt
1163 2181 1209 2243 ut
1239 2165 1391 2248 summa
1414 2169 1625 2277 planorum
1651 2167 1728 2250 du-

1 2316 3 2328 ’
140 2296 230 2390 cia=
255 2293 295 2376 in
325 2290 550 2375 distantiam
571 2282 667 2378 Pr,
695 2284 775 2366 hoc
800 2279 870 2378 est,
905 2303 951 2365 ut
979 2283 1132 2394 spbaera
1163 2307 1248 2371 tota
1278 2287 1395 2374 &ut
1424 2291 1607 2378 dillantia
1639 2296 1731 2378 P'S

141 2413 423 2524 ‚conjunbiim
480 2406 603 2529 QE.
623 2409 686 2490 D.

1 2572 6 2582 ·
211 2541 308 2647 Cas
322 2565 358 2618 2.
387 2532 637 2641 Trahatjam
659 2527 946 2642 corpusculum
973 2531 1016 2614 P
1033 2531 1229 2646 sphaeram
1250 2537 1441 2625 AEBF.
1499 2537 1555 2625 Et
1577 2541 1728 2626 eodem

149 2681 405 2774 argumento
438 2655 677 2770 probabitur
716 2653 831 2766 quod
864 2655 938 2753 vis,
972 2682 1051 2768 qua
1082 2657 1236 2769 sphaera
1264 2661 1328 2744 illa
1357 2664 1541 2762 trahitur,
1578 2667 1655 2749 erit
1685 2688 1729 2750 ut

153 2787 350 2873 distantia
369 2783 463 2866 PS.
519 2779 637 2898 QE.
657 2779 720 2864 D.

214 2914 312 3020 Cas
327 2939 361 3010 3·
400 2906 688 3020 Componatur
713 2901 795 3013 jam
817 2905 972 3019 sphaern
996 2909 1119 2994 altera
1149 2935 1201 2994 ex
1230 2914 1479 3026 corpusculis
1506 2918 1729 3007 innumeris

1 3127 8 3158 p
153 3042 231 3139 P;
264 3036 523 3149 &quoniam
557 3033 630 3129 vis,
671 3056 751 3146 qua
785 3033 1072 3148 corpusculum
1103 3040 1431 3154 unumquodque
1460 3047 1645 3142 trahitur,
1673 3048 1732 3132 est

1 3162 4 3278 s
154 3187 205 3250 ut
237 3162 421 3246 distantia
442 3158 674 3270 corpusculi
698 3187 719 3240 a
747 3178 893 3243 centro
915 3159 1080 3269 sphaerae
1104 3162 1248 3270 primae
1276 3163 1385 3248 &ut
1410 3169 1561 3279 sphaera
1586 3171 1732 3255 eadem

1 3320 5 3326 ·
156 3287 427 3397 conjunciim
453 3305 575 3394 atque
595 3283 692 3365 ideo
720 3283 865 3364 eadem
888 3285 958 3379 est,
987 3311 1032 3366 ac
1053 3283 1082 3366 fi
1105 3285 1291 3392 prodiret
1312 3309 1397 3374 tota
1418 3290 1471 3374 de
1491 3296 1737 3405 corpusculo

1 3445 4 3454 ·
157 3413 290 3497 unico
309 3413 352 3494 in
378 3403 743 3514 centro·sphaerae;
771 3404 831 3488 vis
857 3424 958 3501 tota,
995 3431 1073 3518 qua
1100 3412 1336 3518 corpuscula
1358 3417 1493 3501 omnia
1513 3419 1555 3503 in
1581 3419 1733 3530 sphaera

154 3535 337 3624 secunda
361 3534 587 3626 trahuntur,
617 3531 696 3614 hoc
717 3527 786 3628 est,
805 3555 886 3644 qua
904 3529 1056 3641 sphaeta
1081 3531 1145 3616 illa
1166 3553 1251 3618 tota
1267 3539 1450 3636 trahitur,
1479 3543 1622 3630 eadem
1641 3549 1749 3651 erit„

156 3687 206 3744 ac
236 3657 443 3769 srspbaera
471 3653 536 3736 illa
566 3653 794 3736 traheretur
827 3652 866 3736 vi
900 3652 1132 3763 prodeunte
1167 3655 1219 3740 de
1258 3661 1499 3771 corpusculo
1533 3669 1657 3753 unico
1688 3672 1732 3758 in

158 3805 306 3868 centro
333 3780 499 3892 spbaerae
525 3777 681 3888 primae,
718 3776 762 3861 ἃ
790 3798 1005 3888 propterea
1031 3781 1344 3891 proportionalis
1371 3789 1427 3871 eli
1453 3791 1649 3880 distantiae
1671 3797 1732 3884 itt·

161 3929 226 3994 ter
255 3923 393 3990 centra
411 3903 665 4012 sphaerarum.
723 3901 846 4016 QE.
861 3901 923 3987 D.

223 4033 315 4138 Cas
332 4059 371 4136 4.
396 4025 580 4110 Trabant
606 4025 770 4136 sphaerte
795 4028 835 4112 se
857 4051 1016 4129 mutu0,
1044 4029 1086 4113 δι
1116 4031 1175 4116 vis
1201 4036 1402 4143 geminata
1421 4045 1733 4152 proportionem

162 4159 345 4272 priorem
366 4151 549 4236 servabit.
608 4151 733 4269 QE.
753 4153 815 4234 D.

1 4379 4 4390 ³
219 4280 311 4386 Cas
327 4303 364 4380 5.
406 4274 593 4359 Locetur
615 4273 697 4383 jam
724 4273 1010 4386 corpusculum
1024 4295 1060 4389 p
1086 4281 1190 4363 intra
1217 4277 1412 4390 sphaeram
1441 4288 1487 4368 A
1497 4287 1638 4372 EBF
1648 4329 1658 4390 ;
1688 4293 1734 4380 δι

1 4401 4 4411 ’
164 4406 356 4519 quoniam
377 4402 435 4484 vis
454 4401 560 4510 plani
587 4428 606 4480 e
610 4402 651 4500 f
665 4401 706 4485 in
735 4401 1020 4512 corpusculum
1050 4405 1174 4488 estut
1201 4404 1374 4492 solidum
1402 4433 1643 4503 contentum
1662 4421 1733 4507 sub

166 4532 286 4640 plano
313 4528 381 4609 illo
411 4523 454 4607 δε
482 4525 665 4608 dillantia
683 4541 718 4634 p
730 4555 787 4635 g3
829 4525 871 4608 δι
901 4529 960 4610 vis
991 4531 1192 4613 contraria
1225 4533 1327 4642 plani
1363 4533 1403 4614 E
1414 4537 1524 4623 F'ut
1560 4544 1732 4634 solidum

167 4671 408 4740 contentum
440 4649 510 4734 sub
549 4652 669 4760 plano
708 4652 777 4734 illo
808 4648 852 4731 δε
881 4651 1064 4737 d'illantia
1093 4655 1183 4762 pG
1201 4692 1211 4751 ;
1257 4660 1334 4740 erit
1378 4663 1436 4741 vis
1470 4689 1522 4748 ex
1561 4692 1733 4782 utraque

1 4845 9 4898 p
159 4775 391 4887 composua
430 4794 475 4857 ut
517 4771 747 4859 differentia
796 4773 1036 4876 solidorum,
1082 4778 1162 4861 hoc
1203 4779 1273 4878 est,
1316 4803 1362 4866 ut
1400 4785 1553 4870 summa
1601 4815 1734 4904 aequa-

1 4985 3 5004 ᾗ
164 4905 261 4992 lium
291 4903 504 5017 planorum
541 4901 728 4986 duciain
756 4899 952 4987 semissem
992 4899 1235 4993 differentiae
1263 4908 1552 5012 distantiarum,
1595 4916 1734 5021 idest,
1816 5028 1822 5034 ¹

1690 5072 1741 5138 ut
