4312 5652
427 266 527 344 220
702 243 1239 348 PHILOSOPHIAE
1285 238 1755 345 NATURALlS

241 433 399 562 aarum
432 411 623 500 GLOK
637 415 679 502 in
706 415 910 506 infinitum
935 415 1071 502 versus
1098 415 1189 502 ΘΚ
1204 413 1414 529 produsia
1470 413 1554 500 Sed-
1576 442 1666 501 area
1685 415 1749 501 illa
1772 417 1866 528 (per
1883 435 2022 506 nota.

427 554 767 664 quadraturarum
791 555 1031 666 methodos)
1056 557 1114 642 est
1141 559 1354 670 reciproce
1379 578 1425 642 ut
1454 557 1620 660 ΟΨ,
1644 554 1686 642 fic
1706 574 1925 670 propterea
1942 558 2009 642 vis

425 696 545 784 solidi
564 703 689 786 totius
713 702 769 787 eli
787 701 1000 815 reciproce
1015 720 1062 785 ut
1083 700 1233 785 CG'''’³.
1290 701 1345 818 Q
1363 699 1416 784 E.
1436 699 1504 789 D.

485 825 578 930 Cas
586 853 623 908 2.
652 825 894 911 Collocetur
920 823 1003 934 jam
1027 823 1316 936 corpusculum

428 946 466 1032 C
474 977 526 1036 ert
544 975 657 1070 parte
677 953 783 1064 plani
804 954 823 1033 l
834 951 872 1032 G
884 950 923 1032 L
942 957 1045 1040 intra
1065 949 1253 1054 solidum,
1274 955 1317 1042 &

426 1083 607 1192 capiatur
628 1083 813 1169 dillantia
835 1081 914 1166 CK
930 1081 1092 1191 aequalis
1119 1083 1317 1170 dillantiae

427 1213 518 1300 CG.
575 1215 628 1302 Et
656 1211 775 1298 solidi
792 1235 880 1324 pars
903 1203 989 1291 LG
1000 1203 1108 1290 soK
1114 1215 1164 1312 O,
1193 1213 1317 1325 planis

424 1347 617 1458 parallelis
639 1347 658 1426 l
671 1345 709 1426 G
726 1341 780 1440 L,
807 1367 828 1423 o
850 1340 895 1423 K
908 1342 945 1422 O
970 1340 1203 1440 terminata,
1225 1371 1315 1429 cor·
1356 1373 1381 1433 u

425 1476 639 1584 pusculum
661 1474 699 1558 C
718 1475 759 1556 in
789 1467 930 1557 medin
955 1467 1074 1556 fisum
1101 1479 1249 1560 nullam
1276 1480 1321 1566 in

425 1619 584 1710 partem
615 1602 760 1698 trahet,
794 1603 1009 1686 contrariis
1036 1605 1322 1717 oppofitorum

425 1735 671 1840 punslorum
718 1733 942 1822 asiionibus
979 1737 1019 1822 se
1061 1755 1208 1823 mutuo
1244 1765 1319 1852 per
1493 1800 1495 1805 ·

426 1864 698 1976 aequalitatem
722 1861 970 1946 tollenti-bus.
1026 1863 1208 1952 Ptoinde
1226 1895 1321 1953 cor·
1355 1833 1373 1906 ι

424 1984 637 2096 puseolum
659 1984 788 2072 Csola
810 1983 851 2070 vi
877 1983 995 2070 solidi
1020 1987 1125 2072 ultra
1150 1992 1317 2103 planum
1344 1995 1440 2082 OIs
1461 1995 1523 2082 fiti
1550 1998 1735 2083 trahitur.
1790 1995 1903 2084 Haec
1929 2028 1997 2088 an·

425 2149 511 2211 rem
532 2127 589 2210 vis
619 2131 710 2238 (per
741 2123 873 2214 casum
904 2123 1103 2242 primum)
1133 2133 1192 2219 est
1222 2141 1437 2252 reciproce
1461 2161 1507 2226 ut
1539 2139 1707 2230 ega-2,
1734 2139 1815 2226 hoc
1835 2143 1894 2228 eli
1922 2147 1997 2251 (ob

423 2271 597 2386 aequales
619 2269 710 2370 CG,
729 2271 839 2384 CK)
858 2274 1072 2388 reciproce
1086 2299 1133 2364 ut
1154 2266 1308 2363 ΕΘΗ·
1364 2281 1576 2402 QE‘D.
1708 2333 1710 2338 -

480 2398 605 2482 Coros.
626 2425 660 2482 ι.
687 2394 803 2482 Hinc
824 2397 858 2482 fi
876 2399 1049 2488 solidum
1077 2401 1388 2518 uoluptatis
1419 2407 1582 2496 duobus
1605 2409 1772 2494 infinitis
1800 2411 1993 2522 parallelis

422 2522 526 2622 LG,
555 2521 645 2607 IN
656 2525 849 2636 utrinque
875 2529 1146 2628 terminetur;
1174 2531 1393 2618 innotescit
1411 2533 1496 2642 ejus
1517 2534 1578 2618 vis
1597 2533 1819 2633 attrasiiva,
1846 2537 1995 2622 subdu-

410 2649 560 2736 ¹sendo
590 2647 703 2736 dcvi
722 2645 930 2735 attrasiiva
956 2650 1073 2740 solidi
1098 2656 1225 2742 totius
1253 2655 1402 2743 infiniti
1419 2657 1511 2742 LG
1520 2658 1568 2741 K
1573 2661 1611 2740 Ο
1639 2659 1724 2744 vim
1743 2659 1997 2748 attractivam.

422 2775 547 2886 partis
566 2773 770 2859 ulterioris
791 2771 848 2856 N
847 2774 877 2856 1
881 2775 927 2858 K
932 2777 984 2874 0,
1009 2777 1052 2862 in
1071 2777 1276 2866 infinitum
1295 2781 1431 2867 uersus
1448 2783 1493 2866 K
1501 2783 1543 2865 0
1556 2779 1782 2895 produsiae.

384 2929 388 2940 ·
477 2903 604 2986 Corol.
624 2930 662 2982 2.
690 2897 732 2984 Si
759 2899 875 2984 solidi
895 2899 1012 3010 hujus
1033 2903 1179 2991 infiniti
1198 2932 1289 3018 pars
1311 2910 1496 3007 ulterior,
1521 2909 1689 3024 quaudo
1706 2911 1891 2996 attrasiio
1909 2912 1996 3020 ejus

420 3023 565 3112 collata
597 3047 693 3105 cum
721 3021 961 3108 attrasiione
989 3026 1113 3136 partis
1144 3031 1348 3116 citerioris
1376 3034 1521 3118 nullius
1557 3058 1664 3146 pene
1695 3033 1751 3118 est
1776 3037 1995 3126 momenti,

236 3157 239 3162 '
419 3149 650 3258 rejiciatur:
681 3146 866 3234 attraslio
886 3150 1009 3261 partis
1026 3149 1131 3236 illius
1149 3156 1352 3242 citerioris
1369 3159 1560 3280 augendo
1584 3157 1806 3246 distantiam
1824 3159 2012 3257 demes,

421 3306 490 3372 cet
514 3285 844 3398 quamproxime
866 3283 908 3370 in
928 3287 1088 3374 ratione
1104 3287 1310 3400 potestatis
1333 3287 1487 3372 ΕΘΗ·

479 3413 605 3496 Coros.
625 3439 658 3511 3-·
685 3407 741 3495 Et
757 3412 852 3498 hinc
872 3411 902 3497 fi
924 3439 1073 3526 corpus
1090 3414 1267 3528 quodvis
1285 3415 1449 3501 linitum
1469 3408 1513 3498 δι
1532 3441 1586 3500 ex
1602 3429 1813 3522 unaparte
1825 3411 1997 3522 planum

421 3537 551 3622 trahat
580 3535 866 3646 corpusculum
895 3563 919 3622 e
944 3540 1116 3648 regione
1143 3541 1270 3628 medii
1300 3542 1406 3628 illius
1438 3542 1559 3652 plani,
1597 3539 1642 3624 sc
1671 3537 1855 3624 distantia
1884 3537 1990 3624 intes

419 3661 705 3770 corpusculum
734 3658 779 3740 ric
808 3661 971 3768 planum
1000 3665 1145 3748 collata
1181 3691 1282 3750 cum
1309 3665 1627 3751 dimenfionibus
1656 3665 1844 3776 corporis
1868 3681 1988 3746 astra·

420 3786 553 3872 hentis
579 3785 800 3894 perexigua
829 3783 1078 3880 fraenarier
1114 3811 1251 3875 autem
1282 3817 1431 3904 corpus
1459 3793 1664 3878 attrahens
1698 3819 1752 3876 ex
1786 3789 1990 3902 particulis

420 3909 703 4019 homogeneis,
730 3933 901 4020 quarum
925 3907 1031 3992 vires
1057 3912 1277 3999 attrafiivae
1304 3916 1548 4002 decrescunt
1575 3919 1617 4002 in
1639 3917 1801 4002 ratione
1819 3915 1990 4027 potesla-

420 4039 472 4124 sis
509 4033 929 4152 cujusvisplusquam
967 4036 1286 4154 quadruplicatur
1329 4043 1640 4141 distantiarum
1693 4044 1753 4126 vis
1784 4037 1993 4126 attrasliva

419 4163 604 4275 corporis
632 4161 756 4246 totius
785 4159 996 4248 decrescet
1019 4167 1330 4276 quamproxime
1354 4168 1396 4254 in
1425 4170 1583 4254 ratione
1613 4167 1845 4280 potestatis.
1878 4164 1996 4272 cujus

418 4295 520 4376 latus
545 4288 592 4374 fis
617 4286 800 4374 distantia
824 4287 889 4372 illa
917 4291 1152 4402 perexigua,
1191 4292 1234 4376 ἃ
1254 4294 1381 4381 indert
1411 4299 1601 4381 ternario
1613 4295 1748 4380 minor
1773 4317 1896 4406 quarn
1929 4293 1993 4376 in-
2141 4309 2142 4316 ‘

420 4417 504 4502 dex
522 4415 728 4528 potestatis
749 4414 905 4526 prioris.
961 4414 1028 4502 De
1056 4443 1232 4530 corpore
1260 4445 1313 4506 ex
1334 4424 1542 4533 particulis
1566 4421 1789 4518 constante,
1816 4445 1991 4532 quarum

419 4545 525 4628 vires
545 4539 764 4626 attrasiivae
790 4540 1031 4628 decrescunt
1049 4543 1098 4630 in·
1118 4545 1276 4631 ratione
1305 4547 1514 4659 potestatis
1543 4548 1756 4661 triplicatae
1783 4543 1988 4629 distantia·

417 4697 526 4767 rum,
552 4667 717 4752 assertio
731 4693 815 4753 nou
833 4668 938 4753 valet
959 4705 971 4765 ;
998 4689 1216 4782 propterea
1234 4671 1373 4784 quod,.
1395 4673 1436 4759 in
1457 4673 1537 4757 hoc
1560 4673 1666 4768 casu,
1693 4667 1881 4758 attraslio
1899 4693 1992 4778 par·

418 4802 469 4884 tis
494 4797 598 4884 illius
623 4795 827 4881 ulterioris
853 4795 1038 4907 corporis
1061 4795 1208 4882 infiniti
1233 4797 1276 4882 in
1295 4799 1513 4886 corollario
1534 4797 1732 4899 secundo,
1757 4793 1994 4908 semperest

417 4925 574 5014 infinite
600 4919 728 5034 maj-‚or
755 4921 1084 5036 quam-attrasiio
1102 4921 1225 5037 partis
1251 4923 1478 5014 citerioris..
1877 5043 1896 5126 l

1774 5045 1876 5132 Scho
1893 5043 2000 5127 ium..
