<?xml version="1.0" encoding="UTF-8"?>
<!DOCTYPE html PUBLIC "-//W3C//DTD XHTML 1.0 Transitional//EN"
    "http://www.w3.org/TR/xhtml1/DTD/xhtml1-transitional.dtd">
<html xmlns="http://www.w3.org/1999/xhtml" xml:lang="en" lang="en">
 <head>
  <title>
</title>
<meta http-equiv="Content-Type" content="text/html;charset=utf-8" />
  <meta name='ocr-system' content='tesseract 3.04.00' />
  <meta name='ocr-capabilities' content='ocr_page ocr_carea ocr_par ocr_line ocrx_word'/>
</head>
<body>
  <div class='ocr_page' id='page_1' title='image "./philosophinatur00cotegoog_0343.png"; bbox 0 0 4344 5648; ppageno 0'>
   <div class='ocr_carea' id='block_1_1' title="bbox 443 251 1739 368">
    <p class='ocr_par' dir='ltr' id='par_1_1' title="bbox 443 251 1739 368">
     <span class='ocr_line' id='line_1_1' title="bbox 443 251 1739 368; baseline 0.009 -16"><span class='ocrx_word' id='word_1_1' title='bbox 443 259 541 354; x_wconf 88' lang='lat'>286</span> <span class='ocrx_word' id='word_1_2' title='bbox 706 251 1240 362; x_wconf 82' lang='lat' dir='ltr'><strong>PHILOSOPHIAE</strong></span> <span class='ocrx_word' id='word_1_3' title='bbox 1277 261 1739 368; x_wconf 84' lang='lat' dir='ltr'>NATURALIS</span> 
     </span>
    </p>
   </div>
   <div class='ocr_carea' id='block_1_2' title="bbox 232 419 2137 4894">
    <p class='ocr_par' dir='ltr' id='par_1_2' title="bbox 232 419 2008 568">
     <span class='ocr_line' id='line_1_2' title="bbox 232 419 2008 568; baseline 0.01 -54"><span class='ocrx_word' id='word_1_4' title='bbox 232 419 427 568; x_wconf 40' lang='lat' dir='ltr'>&amp;him</span> <span class='ocrx_word' id='word_1_5' title='bbox 443 427 523 515; x_wconf 86' lang='lat' dir='ltr'>five</span> <span class='ocrx_word' id='word_1_6' title='bbox 550 430 684 519; x_wconf 87' lang='lat' dir='ltr'>fluido</span> <span class='ocrx_word' id='word_1_7' title='bbox 705 437 833 520; x_wconf 88' lang='lat' dir='ltr'>libere</span> <span class='ocrx_word' id='word_1_8' title='bbox 859 437 1029 532; x_wconf 88' lang='lat' dir='ltr'>innatet,</span> <span class='ocrx_word' id='word_1_9' title='bbox 1058 434 1137 520; x_wconf 85' lang='lat' dir='ltr'>srve</span> <span class='ocrx_word' id='word_1_10' title='bbox 1156 436 1287 522; x_wconf 83' lang='lat' dir='ltr'>fundo</span> <span class='ocrx_word' id='word_1_11' title='bbox 1313 436 1532 523; x_wconf 83' lang='lat' dir='ltr'><strong>incumbat.</strong></span> <span class='ocrx_word' id='word_1_12' title='bbox 1587 433 1730 524; x_wconf 85' lang='lat' dir='ltr'>Habet</span> <span class='ocrx_word' id='word_1_13' title='bbox 1757 441 1867 526; x_wconf 88' lang='lat' dir='ltr'>enim</span> <span class='ocrx_word' id='word_1_14' title='bbox 1888 440 2008 532; x_wconf 88' lang='lat' dir='ltr'>fluidi</span> 
     </span>
    </p>

    <p class='ocr_par' dir='ltr' id='par_1_3' title="bbox 436 559 2010 1674">
     <span class='ocr_line' id='line_1_3' title="bbox 440 559 2009 675; baseline 0.011 -37"><span class='ocrx_word' id='word_1_15' title='bbox 440 579 532 664; x_wconf 90' lang='lat' dir='ltr'>pars</span> <span class='ocrx_word' id='word_1_16' title='bbox 565 560 758 670; x_wconf 68' lang='lat' dir='ltr'>quaelibet</span> <span class='ocrx_word' id='word_1_17' title='bbox 783 562 942 645; x_wconf 89' lang='lat' dir='ltr'>interna</span> <span class='ocrx_word' id='word_1_18' title='bbox 975 559 1174 646; x_wconf 90' lang='lat' dir='ltr'>rationem</span> <span class='ocrx_word' id='word_1_19' title='bbox 1202 561 1387 672; x_wconf 92' lang='lat' dir='ltr'>corporis</span> <span class='ocrx_word' id='word_1_20' title='bbox 1412 559 1616 660; x_wconf 82' lang='lat' dir='ltr'>submersi,</span> <span class='ocrx_word' id='word_1_21' title='bbox 1654 562 1698 647; x_wconf 90' lang='lat'>&amp;</span> <span class='ocrx_word' id='word_1_22' title='bbox 1721 589 1794 675; x_wconf 87' lang='lat' dir='ltr'>par</span> <span class='ocrx_word' id='word_1_23' title='bbox 1819 567 1876 650; x_wconf 85' lang='lat' dir='ltr'>est</span> <span class='ocrx_word' id='word_1_24' title='bbox 1903 572 2009 655; x_wconf 88' lang='lat' dir='ltr'>ratio</span> 
     </span>
     <span class='ocr_line' id='line_1_4' title="bbox 439 684 2010 801; baseline 0.003 -33"><span class='ocrx_word' id='word_1_25' title='bbox 439 686 623 771; x_wconf 90' lang='lat' dir='ltr'>omnium</span> <span class='ocrx_word' id='word_1_26' title='bbox 643 685 824 794; x_wconf 83' lang='lat' dir='ltr'>ejusdem</span> <span class='ocrx_word' id='word_1_27' title='bbox 844 684 1145 795; x_wconf 84' lang='lat' dir='ltr'>magnitudinis,</span> <span class='ocrx_word' id='word_1_28' title='bbox 1172 685 1312 794; x_wconf 83' lang='lat' dir='ltr'>figurae</span> <span class='ocrx_word' id='word_1_29' title='bbox 1332 685 1375 768; x_wconf 83' lang='lat' dir='ltr'>dc</span> <span class='ocrx_word' id='word_1_30' title='bbox 1392 688 1601 796; x_wconf 80' lang='lat' dir='ltr'>gravitatis</span> <span class='ocrx_word' id='word_1_31' title='bbox 1615 688 1814 801; x_wconf 86' lang='lat' dir='ltr'>specificae</span> <span class='ocrx_word' id='word_1_32' title='bbox 1834 691 2010 778; x_wconf 93' lang='lat' dir='ltr'>submer.</span> 
     </span>
     <span class='ocr_line' id='line_1_5' title="bbox 436 811 2008 931; baseline 0.006 -35"><span class='ocrx_word' id='word_1_33' title='bbox 436 812 575 898; x_wconf 91' lang='lat' dir='ltr'>sorum</span> <span class='ocrx_word' id='word_1_34' title='bbox 603 839 838 924; x_wconf 88' lang='lat' dir='ltr'>corporum.</span> <span class='ocrx_word' id='word_1_35' title='bbox 892 811 934 896; x_wconf 89' lang='lat' dir='ltr'>Si</span> <span class='ocrx_word' id='word_1_36' title='bbox 955 836 1105 922; x_wconf 89' lang='lat' dir='ltr'>corpus</span> <span class='ocrx_word' id='word_1_37' title='bbox 1131 812 1381 898; x_wconf 89' lang='lat' dir='ltr'>submersum</span> <span class='ocrx_word' id='word_1_38' title='bbox 1407 811 1568 898; x_wconf 86' lang='lat' dir='ltr'>servato</span> <span class='ocrx_word' id='word_1_39' title='bbox 1599 817 1783 927; x_wconf 89' lang='lat' dir='ltr'>pondere</span> <span class='ocrx_word' id='word_1_40' title='bbox 1815 819 2008 931; x_wconf 81' lang='lat' dir='ltr'>liquesce·</span> 
     </span>
     <span class='ocr_line' id='line_1_6' title="bbox 437 935 2008 1048; baseline 0.004 -27"><span class='ocrx_word' id='word_1_41' title='bbox 437 958 499 1022; x_wconf 89' lang='lat' dir='ltr'>ret</span> <span class='ocrx_word' id='word_1_42' title='bbox 522 935 564 1020; x_wconf 80' lang='lat' dir='ltr'>dc</span> <span class='ocrx_word' id='word_1_43' title='bbox 584 938 774 1022; x_wconf 90' lang='lat' dir='ltr'>indueret</span> <span class='ocrx_word' id='word_1_44' title='bbox 794 937 968 1021; x_wconf 92' lang='lat' dir='ltr'>sormam</span> <span class='ocrx_word' id='word_1_45' title='bbox 988 935 1130 1034; x_wconf 73' lang='lat' dir='ltr'>sluidia</span> <span class='ocrx_word' id='word_1_46' title='bbox 1159 937 1297 1036; x_wconf 91' lang='lat' dir='ltr'>hoc‚s1</span> <span class='ocrx_word' id='word_1_47' title='bbox 1316 939 1427 1048; x_wconf 89' lang='lat' dir='ltr'>prius</span> <span class='ocrx_word' id='word_1_48' title='bbox 1449 937 1686 1023; x_wconf 84' lang='lat' dir='ltr'>ascenderet</span> <span class='ocrx_word' id='word_1_49' title='bbox 1701 942 1765 1024; x_wconf 85' lang='lat' dir='ltr'>vei</span> <span class='ocrx_word' id='word_1_50' title='bbox 1787 940 2008 1027; x_wconf 69' lang='lat' dir='ltr'>destende·</span> 
     </span>
     <span class='ocr_line' id='line_1_7' title="bbox 436 1060 2008 1176; baseline 0.002 -29"><span class='ocrx_word' id='word_1_51' title='bbox 436 1084 500 1147; x_wconf 90' lang='lat' dir='ltr'>ret</span> <span class='ocrx_word' id='word_1_52' title='bbox 520 1062 583 1144; x_wconf 91' lang='lat' dir='ltr'>vel</span> <span class='ocrx_word' id='word_1_53' title='bbox 603 1089 653 1146; x_wconf 87' lang='lat' dir='ltr'>ex</span> <span class='ocrx_word' id='word_1_54' title='bbox 674 1061 876 1176; x_wconf 80' lang='lat' dir='ltr'>pressione</span> <span class='ocrx_word' id='word_1_55' title='bbox 897 1060 1067 1170; x_wconf 85' lang='lat' dir='ltr'>figuram</span> <span class='ocrx_word' id='word_1_56' title='bbox 1087 1085 1234 1146; x_wconf 88' lang='lat' dir='ltr'>novam</span> <span class='ocrx_word' id='word_1_57' title='bbox 1250 1061 1456 1160; x_wconf 88' lang='lat' dir='ltr'>indueret,</span> <span class='ocrx_word' id='word_1_58' title='bbox 1482 1061 1605 1145; x_wconf 88' lang='lat' dir='ltr'>etiam</span> <span class='ocrx_word' id='word_1_59' title='bbox 1633 1087 1742 1148; x_wconf 91' lang='lat' dir='ltr'>nunc</span> <span class='ocrx_word' id='word_1_60' title='bbox 1771 1062 2008 1150; x_wconf 81' lang='lat' dir='ltr'>ascenderet</span> 
     </span>
     <span class='ocr_line' id='line_1_8' title="bbox 436 1185 2005 1304; baseline 0.004 -34"><span class='ocrx_word' id='word_1_61' title='bbox 436 1187 501 1270; x_wconf 88' lang='lat' dir='ltr'>vel</span> <span class='ocrx_word' id='word_1_62' title='bbox 520 1186 788 1270; x_wconf 87' lang='lat' dir='ltr'>descenderet</span> <span class='ocrx_word' id='word_1_63' title='bbox 817 1187 881 1270; x_wconf 87' lang='lat' dir='ltr'>vel</span> <span class='ocrx_word' id='word_1_64' title='bbox 901 1185 1071 1292; x_wconf 85' lang='lat' dir='ltr'>figuram</span> <span class='ocrx_word' id='word_1_65' title='bbox 1094 1211 1242 1270; x_wconf 88' lang='lat' dir='ltr'>novam</span> <span class='ocrx_word' id='word_1_66' title='bbox 1262 1185 1433 1270; x_wconf 90' lang='lat' dir='ltr'>induere</span> <span class='ocrx_word' id='word_1_67' title='bbox 1454 1206 1699 1296; x_wconf 87' lang='lat' dir='ltr'>cogeretur:</span> <span class='ocrx_word' id='word_1_68' title='bbox 1729 1187 1773 1272; x_wconf 93' lang='lat' dir='ltr'>id</span> <span class='ocrx_word' id='word_1_69' title='bbox 1791 1188 1897 1274; x_wconf 90' lang='lat' dir='ltr'>adeo</span> <span class='ocrx_word' id='word_1_70' title='bbox 1910 1195 2005 1304; x_wconf 89' lang='lat' dir='ltr'>quia</span> 
     </span>
     <span class='ocr_line' id='line_1_9' title="bbox 439 1310 2006 1427; baseline 0.004 -33"><span class='ocrx_word' id='word_1_71' title='bbox 439 1313 609 1422; x_wconf 81' lang='lat' dir='ltr'>gravitas</span> <span class='ocrx_word' id='word_1_72' title='bbox 642 1312 725 1420; x_wconf 88' lang='lat' dir='ltr'>ejus</span> <span class='ocrx_word' id='word_1_73' title='bbox 758 1329 1002 1422; x_wconf 83' lang='lat' dir='ltr'>caeteraeque</span> <span class='ocrx_word' id='word_1_74' title='bbox 1037 1330 1228 1396; x_wconf 88' lang='lat' dir='ltr'>motuum</span> <span class='ocrx_word' id='word_1_75' title='bbox 1256 1310 1384 1395; x_wconf 82' lang='lat' dir='ltr'>causae</span> <span class='ocrx_word' id='word_1_76' title='bbox 1416 1332 1668 1421; x_wconf 87' lang='lat' dir='ltr'>permanent.</span> <span class='ocrx_word' id='word_1_77' title='bbox 1734 1315 1867 1427; x_wconf 89' lang='lat' dir='ltr'>Atqui</span> <span class='ocrx_word' id='word_1_78' title='bbox 1904 1317 2006 1427; x_wconf 90' lang='lat' dir='ltr'>(per</span> 
     </span>
     <span class='ocr_line' id='line_1_10' title="bbox 438 1432 2009 1552; baseline 0.004 -32"><span class='ocrx_word' id='word_1_79' title='bbox 438 1434 516 1520; x_wconf 91' lang='lat' dir='ltr'>cas.</span> <span class='ocrx_word' id='word_1_80' title='bbox 548 1467 584 1540; x_wconf 91' lang='lat'>5.</span> <span class='ocrx_word' id='word_1_81' title='bbox 626 1465 746 1552; x_wconf 90' lang='lat' dir='ltr'>prop.</span> <span class='ocrx_word' id='word_1_82' title='bbox 772 1439 892 1544; x_wconf 77' lang='lat' dir='ltr'>xix.)</span> <span class='ocrx_word' id='word_1_83' title='bbox 915 1433 998 1542; x_wconf 88' lang='lat' dir='ltr'>jam</span> <span class='ocrx_word' id='word_1_84' title='bbox 1028 1432 1253 1546; x_wconf 84' lang='lat' dir='ltr'>quiesceret</span> <span class='ocrx_word' id='word_1_85' title='bbox 1281 1433 1517 1544; x_wconf 65' lang='lat' dir='ltr'>&amp;barnam</span> <span class='ocrx_word' id='word_1_86' title='bbox 1542 1435 1749 1520; x_wconf 89' lang='lat' dir='ltr'>retineret.</span> <span class='ocrx_word' id='word_1_87' title='bbox 1818 1435 1936 1550; x_wconf 82' lang='lat' dir='ltr'>Ergo</span> <span class='ocrx_word' id='word_1_88' title='bbox 1966 1441 2009 1526; x_wconf 80' lang='lat' dir='ltr'>dr</span> 
     </span>
     <span class='ocr_line' id='line_1_11' title="bbox 439 1587 564 1674; baseline -0.016 -29"><span class='ocrx_word' id='word_1_89' title='bbox 439 1587 564 1674; x_wconf 90' lang='lat' dir='ltr'>pnus.</span> 
     </span>
    </p>

    <p class='ocr_par' dir='ltr' id='par_1_4' title="bbox 434 1683 2009 2544">
     <span class='ocr_line' id='line_1_12' title="bbox 493 1683 2008 1798; baseline -0.001 -21"><span class='ocrx_word' id='word_1_90' title='bbox 493 1688 619 1777; x_wconf 82' lang='lat' dir='ltr'>Coros.</span> <span class='ocrx_word' id='word_1_91' title='bbox 643 1716 678 1792; x_wconf 85' lang='lat'>5.</span> <span class='ocrx_word' id='word_1_92' title='bbox 706 1685 890 1772; x_wconf 90' lang='lat' dir='ltr'>Proinde</span> <span class='ocrx_word' id='word_1_93' title='bbox 921 1683 1198 1796; x_wconf 87' lang='lat' dir='ltr'>corpusquod</span> <span class='ocrx_word' id='word_1_94' title='bbox 1218 1683 1407 1796; x_wconf 87' lang='lat' dir='ltr'>specifice</span> <span class='ocrx_word' id='word_1_95' title='bbox 1428 1685 1586 1794; x_wconf 78' lang='lat' dir='ltr'>&#39;gravius</span> <span class='ocrx_word' id='word_1_96' title='bbox 1604 1683 1662 1768; x_wconf 90' lang='lat' dir='ltr'>est</span> <span class='ocrx_word' id='word_1_97' title='bbox 1680 1711 1802 1798; x_wconf 89' lang='lat' dir='ltr'>quam</span> <span class='ocrx_word' id='word_1_98' title='bbox 1829 1687 2008 1777; x_wconf 89' lang='lat' dir='ltr'>fluidum</span> 
     </span>
     <span class='ocr_line' id='line_1_13' title="bbox 437 1805 2009 1921; baseline 0.001 -22"><span class='ocrx_word' id='word_1_99' title='bbox 437 1813 509 1900; x_wconf 88' lang='lat' dir='ltr'>fibi</span> <span class='ocrx_word' id='word_1_100' title='bbox 537 1814 778 1921; x_wconf 85' lang='lat' dir='ltr'>contiguum</span> <span class='ocrx_word' id='word_1_101' title='bbox 803 1807 1034 1904; x_wconf 83' lang='lat' dir='ltr'>subfidebit,</span> <span class='ocrx_word' id='word_1_102' title='bbox 1061 1806 1105 1891; x_wconf 81' lang='lat' dir='ltr'>dr</span> <span class='ocrx_word' id='word_1_103' title='bbox 1123 1809 1236 1921; x_wconf 89' lang='lat' dir='ltr'>quod</span> <span class='ocrx_word' id='word_1_104' title='bbox 1256 1805 1444 1919; x_wconf 82' lang='lat' dir='ltr'>specifioe</span> <span class='ocrx_word' id='word_1_105' title='bbox 1461 1809 1589 1892; x_wconf 84' lang='lat' dir='ltr'>sevius</span> <span class='ocrx_word' id='word_1_106' title='bbox 1609 1811 1666 1892; x_wconf 84' lang='lat' dir='ltr'>est</span> <span class='ocrx_word' id='word_1_107' title='bbox 1687 1811 1890 1909; x_wconf 87' lang='lat' dir='ltr'>ascendet,</span> <span class='ocrx_word' id='word_1_108' title='bbox 1919 1840 2009 1900; x_wconf 90' lang='lat' dir='ltr'>mo-</span> 
     </span>
     <span class='ocr_line' id='line_1_14' title="bbox 437 1933 2009 2051; baseline 0.001 -28"><span class='ocrx_word' id='word_1_109' title='bbox 437 1959 611 2051; x_wconf 89' lang='lat' dir='ltr'>tumque</span> <span class='ocrx_word' id='word_1_110' title='bbox 632 1934 675 2020; x_wconf 74' lang='grc' dir='ltr'>δι</span> <span class='ocrx_word' id='word_1_111' title='bbox 707 1936 849 2043; x_wconf 82' lang='lat' dir='ltr'>figurae</span> <span class='ocrx_word' id='word_1_112' title='bbox 884 1933 1156 2016; x_wconf 87' lang='lat' dir='ltr'>mutationem</span> <span class='ocrx_word' id='word_1_113' title='bbox 1185 1933 1472 2046; x_wconf 88' lang='lat' dir='ltr'>consequetur,</span> <span class='ocrx_word' id='word_1_114' title='bbox 1506 1956 1706 2046; x_wconf 88' lang='lat' dir='ltr'>quantum</span> <span class='ocrx_word' id='word_1_115' title='bbox 1734 1935 1915 2023; x_wconf 83' lang='lat' dir='ltr'>excessus</span> <span class='ocrx_word' id='word_1_116' title='bbox 1941 1941 2009 2024; x_wconf 89' lang='lat' dir='ltr'>ille</span> 
     </span>
     <span class='ocr_line' id='line_1_15' title="bbox 437 2053 2009 2168; baseline -0.001 -22"><span class='ocrx_word' id='word_1_117' title='bbox 437 2063 504 2147; x_wconf 88' lang='lat' dir='ltr'>vel</span> <span class='ocrx_word' id='word_1_118' title='bbox 523 2059 705 2145; x_wconf 76' lang='lat' dir='ltr'>desesius</span> <span class='ocrx_word' id='word_1_119' title='bbox 726 2057 932 2167; x_wconf 87' lang='lat' dir='ltr'>gravitatis</span> <span class='ocrx_word' id='word_1_120' title='bbox 961 2053 1130 2140; x_wconf 85' lang='lat' dir='ltr'>efficere</span> <span class='ocrx_word' id='word_1_121' title='bbox 1153 2055 1284 2168; x_wconf 86' lang='lat' dir='ltr'>poffit.</span> <span class='ocrx_word' id='word_1_122' title='bbox 1341 2055 1529 2168; x_wconf 86' lang='lat' dir='ltr'>Namque</span> <span class='ocrx_word' id='word_1_123' title='bbox 1555 2056 1734 2142; x_wconf 84' lang='lat' dir='ltr'>excessus</span> <span class='ocrx_word' id='word_1_124' title='bbox 1763 2060 1830 2144; x_wconf 90' lang='lat' dir='ltr'>ille</span> <span class='ocrx_word' id='word_1_125' title='bbox 1851 2065 1916 2146; x_wconf 88' lang='lat' dir='ltr'>vel</span> <span class='ocrx_word' id='word_1_126' title='bbox 1936 2061 2009 2145; x_wconf 88' lang='lat' dir='ltr'>de·</span> 
     </span>
     <span class='ocr_line' id='line_1_16' title="bbox 436 2165 2007 2292; baseline -0.001 -22"><span class='ocrx_word' id='word_1_127' title='bbox 436 2183 565 2270; x_wconf 76' lang='lat' dir='ltr'>sedus</span> <span class='ocrx_word' id='word_1_128' title='bbox 584 2185 785 2268; x_wconf 88' lang='lat' dir='ltr'>rationem</span> <span class='ocrx_word' id='word_1_129' title='bbox 807 2165 928 2266; x_wconf 91' lang='lat' dir='ltr'>habet</span> <span class='ocrx_word' id='word_1_130' title='bbox 953 2177 1159 2289; x_wconf 88' lang='lat' dir='ltr'>impulsus,</span> <span class='ocrx_word' id='word_1_131' title='bbox 1184 2205 1271 2291; x_wconf 90' lang='lat' dir='ltr'>quo</span> <span class='ocrx_word' id='word_1_132' title='bbox 1291 2205 1456 2290; x_wconf 88' lang='lat' dir='ltr'>corpus,</span> <span class='ocrx_word' id='word_1_133' title='bbox 1485 2179 1576 2263; x_wconf 87' lang='lat' dir='ltr'>alias</span> <span class='ocrx_word' id='word_1_134' title='bbox 1601 2181 1644 2264; x_wconf 93' lang='lat' dir='ltr'>in</span> <span class='ocrx_word' id='word_1_135' title='bbox 1667 2181 1895 2292; x_wconf 86' lang='lat' dir='ltr'>aequilibrio</span> <span class='ocrx_word' id='word_1_136' title='bbox 1911 2207 2007 2268; x_wconf 89' lang='lat' dir='ltr'>cum</span> 
     </span>
     <span class='ocr_line' id='line_1_17' title="bbox 435 2302 2007 2422; baseline -0.001 -27"><span class='ocrx_word' id='word_1_137' title='bbox 435 2309 556 2395; x_wconf 88' lang='lat' dir='ltr'>fluidi</span> <span class='ocrx_word' id='word_1_138' title='bbox 576 2309 756 2422; x_wconf 89' lang='lat' dir='ltr'>partibus</span> <span class='ocrx_word' id='word_1_139' title='bbox 781 2305 1062 2403; x_wconf 86' lang='lat' dir='ltr'>constitutum,</span> <span class='ocrx_word' id='word_1_140' title='bbox 1091 2325 1288 2415; x_wconf 75' lang='lat' dir='ltr'>urgeturt</span> <span class='ocrx_word' id='word_1_141' title='bbox 1329 2302 1372 2386; x_wconf 79' lang='lat' dir='ltr'>dr</span> <span class='ocrx_word' id='word_1_142' title='bbox 1397 2305 1628 2415; x_wconf 86' lang='lat' dir='ltr'>comparari</span> <span class='ocrx_word' id='word_1_143' title='bbox 1660 2304 1795 2416; x_wconf 92' lang='lat' dir='ltr'>potest</span> <span class='ocrx_word' id='word_1_144' title='bbox 1819 2333 1917 2392; x_wconf 87' lang='lat' dir='ltr'>cum</span> <span class='ocrx_word' id='word_1_145' title='bbox 1933 2334 2007 2394; x_wconf 84' lang='lat' dir='ltr'>ex·</span> 
     </span>
     <span class='ocr_line' id='line_1_18' title="bbox 434 2429 1590 2544; baseline -0.01 -23"><span class='ocrx_word' id='word_1_146' title='bbox 434 2434 548 2523; x_wconf 83' lang='lat' dir='ltr'>cessu</span> <span class='ocrx_word' id='word_1_147' title='bbox 564 2435 630 2518; x_wconf 85' lang='lat' dir='ltr'>vel</span> <span class='ocrx_word' id='word_1_148' title='bbox 648 2431 812 2518; x_wconf 74' lang='lat' dir='ltr'>desesiu</span> <span class='ocrx_word' id='word_1_149' title='bbox 832 2431 1027 2544; x_wconf 91' lang='lat' dir='ltr'>ponderis</span> <span class='ocrx_word' id='word_1_150' title='bbox 1053 2429 1095 2514; x_wconf 92' lang='lat' dir='ltr'>in</span> <span class='ocrx_word' id='word_1_151' title='bbox 1116 2433 1230 2514; x_wconf 90' lang='lat' dir='ltr'>sance</span> <span class='ocrx_word' id='word_1_152' title='bbox 1250 2430 1442 2512; x_wconf 88' lang='lat' dir='ltr'>alterutra</span> <span class='ocrx_word' id='word_1_153' title='bbox 1465 2429 1590 2512; x_wconf 87' lang='lat' dir='ltr'>librae.</span> 
     </span>
    </p>

    <p class='ocr_par' dir='ltr' id='par_1_5' title="bbox 424 2551 2137 4894">
     <span class='ocr_line' id='line_1_19' title="bbox 493 2551 2006 2668; baseline -0.001 -22"><span class='ocrx_word' id='word_1_154' title='bbox 493 2560 620 2646; x_wconf 81' lang='lat' dir='ltr'>Coros.</span> <span class='ocrx_word' id='word_1_155' title='bbox 636 2563 670 2640; x_wconf 89' lang='lat'>6.</span> <span class='ocrx_word' id='word_1_156' title='bbox 695 2555 938 2668; x_wconf 84' lang='lat' dir='ltr'>Corporum</span> <span class='ocrx_word' id='word_1_157' title='bbox 968 2553 1092 2661; x_wconf 83' lang='lat' dir='ltr'>igitur</span> <span class='ocrx_word' id='word_1_158' title='bbox 1119 2553 1162 2638; x_wconf 92' lang='lat' dir='ltr'>in</span> <span class='ocrx_word' id='word_1_159' title='bbox 1180 2551 1317 2637; x_wconf 83' lang='lat' dir='ltr'>fluidis</span> <span class='ocrx_word' id='word_1_160' title='bbox 1337 2551 1652 2636; x_wconf 81' lang='lat' dir='ltr'>constitutorum</span> <span class='ocrx_word' id='word_1_161' title='bbox 1667 2553 1821 2665; x_wconf 87' lang='lat' dir='ltr'>duplex</span> <span class='ocrx_word' id='word_1_162' title='bbox 1839 2555 1898 2640; x_wconf 92' lang='lat' dir='ltr'>est</span> <span class='ocrx_word' id='word_1_163' title='bbox 1916 2581 2006 2666; x_wconf 86' lang='lat' dir='ltr'>gra·</span> 
     </span>
     <span class='ocr_line' id='line_1_20' title="bbox 436 2675 2008 2798; baseline -0.011 -28"><span class='ocrx_word' id='word_1_164' title='bbox 436 2688 564 2773; x_wconf 88' lang='lat' dir='ltr'>vitas:</span> <span class='ocrx_word' id='word_1_165' title='bbox 594 2685 719 2768; x_wconf 88' lang='lat' dir='ltr'>astera</span> <span class='ocrx_word' id='word_1_166' title='bbox 741 2707 836 2765; x_wconf 87' lang='lat' dir='ltr'>vera</span> <span class='ocrx_word' id='word_1_167' title='bbox 862 2677 905 2798; x_wconf 79' lang='lat' dir='ltr'>dc</span> <span class='ocrx_word' id='word_1_168' title='bbox 928 2675 1120 2773; x_wconf 83' lang='lat' dir='ltr'>absoluta,</span> <span class='ocrx_word' id='word_1_169' title='bbox 1147 2677 1272 2759; x_wconf 86' lang='lat' dir='ltr'>altera</span> <span class='ocrx_word' id='word_1_170' title='bbox 1298 2700 1510 2786; x_wconf 88' lang='lat' dir='ltr'>apparens,</span> <span class='ocrx_word' id='word_1_171' title='bbox 1538 2677 1712 2786; x_wconf 87' lang='lat' dir='ltr'>vulgaris</span> <span class='ocrx_word' id='word_1_172' title='bbox 1735 2675 1776 2758; x_wconf 84' lang='lat' dir='ltr'>dr</span> <span class='ocrx_word' id='word_1_173' title='bbox 1794 2705 2008 2793; x_wconf 66' lang='lat' dir='ltr'>compara.</span> 
     </span>
     <span class='ocr_line' id='line_1_21' title="bbox 435 2791 2005 2910; baseline -0.003 -15"><span class='ocrx_word' id='word_1_174' title='bbox 435 2814 530 2896; x_wconf 84' lang='lat' dir='ltr'>tiva.</span> <span class='ocrx_word' id='word_1_175' title='bbox 586 2806 774 2892; x_wconf 85' lang='lat' dir='ltr'>Gravitas</span> <span class='ocrx_word' id='word_1_176' title='bbox 797 2801 975 2887; x_wconf 89' lang='lat' dir='ltr'>absoluta</span> <span class='ocrx_word' id='word_1_177' title='bbox 996 2791 1053 2882; x_wconf 85' lang='lat' dir='ltr'>est</span> <span class='ocrx_word' id='word_1_178' title='bbox 1076 2801 1137 2882; x_wconf 89' lang='lat' dir='ltr'>vis</span> <span class='ocrx_word' id='word_1_179' title='bbox 1155 2819 1241 2883; x_wconf 92' lang='lat' dir='ltr'>tota</span> <span class='ocrx_word' id='word_1_180' title='bbox 1255 2824 1336 2910; x_wconf 90' lang='lat' dir='ltr'>qua</span> <span class='ocrx_word' id='word_1_181' title='bbox 1356 2823 1506 2908; x_wconf 90' lang='lat' dir='ltr'>corpus</span> <span class='ocrx_word' id='word_1_182' title='bbox 1533 2797 1726 2884; x_wconf 90' lang='lat' dir='ltr'>deorsum</span> <span class='ocrx_word' id='word_1_183' title='bbox 1753 2802 1914 2888; x_wconf 87' lang='lat' dir='ltr'>tendit:</span> <span class='ocrx_word' id='word_1_184' title='bbox 1945 2833 2005 2891; x_wconf 91' lang='lat' dir='ltr'>re·</span> 
     </span>
     <span class='ocr_line' id='line_1_22' title="bbox 436 2919 2006 3037; baseline -0.004 -17"><span class='ocrx_word' id='word_1_185' title='bbox 436 2935 556 3020; x_wconf 87' lang='lat' dir='ltr'>sativa</span> <span class='ocrx_word' id='word_1_186' title='bbox 576 2929 619 3014; x_wconf 90' lang='lat'>&amp;</span> <span class='ocrx_word' id='word_1_187' title='bbox 639 2929 812 3036; x_wconf 84' lang='lat' dir='ltr'>vulgaris</span> <span class='ocrx_word' id='word_1_188' title='bbox 833 2925 890 3009; x_wconf 90' lang='lat' dir='ltr'>est</span> <span class='ocrx_word' id='word_1_189' title='bbox 909 2919 1088 3008; x_wconf 81' lang='lat' dir='ltr'>excessus</span> <span class='ocrx_word' id='word_1_190' title='bbox 1113 2922 1320 3032; x_wconf 80' lang='lat' dir='ltr'>gravitatis</span> <span class='ocrx_word' id='word_1_191' title='bbox 1336 2947 1423 3034; x_wconf 89' lang='lat' dir='ltr'>quo</span> <span class='ocrx_word' id='word_1_192' title='bbox 1443 2948 1594 3037; x_wconf 90' lang='lat' dir='ltr'>corpus</span> <span class='ocrx_word' id='word_1_193' title='bbox 1619 2925 1749 3034; x_wconf 80' lang='lat' dir='ltr'>magis</span> <span class='ocrx_word' id='word_1_194' title='bbox 1785 2927 1919 3012; x_wconf 91' lang='lat' dir='ltr'>tendit</span> <span class='ocrx_word' id='word_1_195' title='bbox 1936 2930 2006 3015; x_wconf 74' lang='lat' dir='ltr'>de</span> 
     </span>
     <span class='ocr_line' id='line_1_23' title="bbox 434 3041 2005 3166; baseline -0.005 -22"><span class='ocrx_word' id='word_1_196' title='bbox 434 3055 575 3145; x_wconf 88' lang='lat' dir='ltr'>orsum</span> <span class='ocrx_word' id='word_1_197' title='bbox 594 3076 716 3166; x_wconf 86' lang='lat' dir='ltr'>quam</span> <span class='ocrx_word' id='word_1_198' title='bbox 737 3049 913 3134; x_wconf 85' lang='lat' dir='ltr'>fluidum</span> <span class='ocrx_word' id='word_1_199' title='bbox 924 3043 1125 3130; x_wconf 86' lang='lat' dir='ltr'>ambiens.</span> <span class='ocrx_word' id='word_1_200' title='bbox 1185 3041 1338 3130; x_wconf 90' lang='lat' dir='ltr'>Prioris</span> <span class='ocrx_word' id='word_1_201' title='bbox 1357 3047 1516 3155; x_wconf 83' lang='lat' dir='ltr'>generis</span> <span class='ocrx_word' id='word_1_202' title='bbox 1533 3047 1737 3156; x_wconf 67' lang='lat' dir='ltr'>gravitate</span> <span class='ocrx_word' id='word_1_203' title='bbox 1757 3066 1888 3159; x_wconf 87' lang='lat' dir='ltr'>partes</span> <span class='ocrx_word' id='word_1_204' title='bbox 1913 3048 2005 3137; x_wconf 85' lang='lat' dir='ltr'>flui·</span> 
     </span>
     <span class='ocr_line' id='line_1_24' title="bbox 430 3166 2007 3288; baseline -0.008 -17"><span class='ocrx_word' id='word_1_205' title='bbox 430 3183 589 3270; x_wconf 70' lang='lat' dir='ltr'>‘dorum</span> <span class='ocrx_word' id='word_1_206' title='bbox 609 3167 902 3288; x_wconf 80' lang='lat' dir='ltr'>&amp;corporum</span> <span class='ocrx_word' id='word_1_207' title='bbox 925 3170 1114 3254; x_wconf 83' lang='lat' dir='ltr'>omnium</span> <span class='ocrx_word' id='word_1_208' title='bbox 1142 3169 1344 3277; x_wconf 83' lang='lat' dir='ltr'>gravitant</span> <span class='ocrx_word' id='word_1_209' title='bbox 1368 3171 1414 3254; x_wconf 86' lang='lat' dir='ltr'>in</span> <span class='ocrx_word' id='word_1_210' title='bbox 1442 3169 1543 3254; x_wconf 88' lang='lat' dir='ltr'>locis</span> <span class='ocrx_word' id='word_1_211' title='bbox 1570 3167 1649 3253; x_wconf 93' lang='lat' dir='ltr'>suis</span> <span class='ocrx_word' id='word_1_212' title='bbox 1664 3195 1688 3288; x_wconf 85' lang='lat'>:¹</span> <span class='ocrx_word' id='word_1_213' title='bbox 1710 3166 1894 3282; x_wconf 89' lang='lat' dir='ltr'>ideoque</span> <span class='ocrx_word' id='word_1_214' title='bbox 1912 3199 2007 3260; x_wconf 89' lang='lat' dir='ltr'>con·</span> 
     </span>
     <span class='ocr_line' id='line_1_25' title="bbox 432 3291 2004 3420; baseline -0.01 -23"><span class='ocrx_word' id='word_1_215' title='bbox 432 3303 580 3420; x_wconf 73' lang='lat' dir='ltr'>iundis</span> <span class='ocrx_word' id='word_1_216' title='bbox 608 3301 858 3418; x_wconf 84' lang='lat' dir='ltr'>ponderibus</span> <span class='ocrx_word' id='word_1_217' title='bbox 885 3313 1145 3406; x_wconf 85' lang='lat' dir='ltr'>componunt</span> <span class='ocrx_word' id='word_1_218' title='bbox 1174 3293 1337 3404; x_wconf 85' lang='lat' dir='ltr'>pondos</span> <span class='ocrx_word' id='word_1_219' title='bbox 1360 3294 1506 3378; x_wconf 86' lang='lat' dir='ltr'>totius.</span> <span class='ocrx_word' id='word_1_220' title='bbox 1575 3291 1683 3378; x_wconf 84' lang='lat' dir='ltr'>Nam</span> <span class='ocrx_word' id='word_1_221' title='bbox 1718 3312 1853 3380; x_wconf 89' lang='lat' dir='ltr'>totum</span> <span class='ocrx_word' id='word_1_222' title='bbox 1882 3322 2004 3382; x_wconf 91' lang='lat' dir='ltr'>omne</span> 
     </span>
     <span class='ocr_line' id='line_1_26' title="bbox 436 3415 2005 3550; baseline -0.008 -30"><span class='ocrx_word' id='word_1_223' title='bbox 436 3461 558 3550; x_wconf 86' lang='lat' dir='ltr'>graue</span> <span class='ocrx_word' id='word_1_224' title='bbox 580 3429 648 3525; x_wconf 84' lang='lat' dir='ltr'>est,</span> <span class='ocrx_word' id='word_1_225' title='bbox 677 3449 721 3512; x_wconf 90' lang='lat' dir='ltr'>ut</span> <span class='ocrx_word' id='word_1_226' title='bbox 741 3427 784 3511; x_wconf 88' lang='lat' dir='ltr'>in</span> <span class='ocrx_word' id='word_1_227' title='bbox 807 3421 902 3506; x_wconf 74' lang='lat' dir='ltr'>vasis</span> <span class='ocrx_word' id='word_1_228' title='bbox 920 3421 1126 3532; x_wconf 83' lang='lat' dir='ltr'>liquorum</span> <span class='ocrx_word' id='word_1_229' title='bbox 1151 3419 1280 3528; x_wconf 86' lang='lat' dir='ltr'>plenis</span> <span class='ocrx_word' id='word_1_230' title='bbox 1299 3419 1482 3530; x_wconf 86' lang='lat' dir='ltr'>experiri</span> <span class='ocrx_word' id='word_1_231' title='bbox 1509 3416 1633 3512; x_wconf 80' lang='lat' dir='ltr'>licet;</span> <span class='ocrx_word' id='word_1_232' title='bbox 1665 3415 1709 3500; x_wconf 71' lang='grc' dir='ltr'><strong>ἃ</strong></span> <span class='ocrx_word' id='word_1_233' title='bbox 1730 3417 1893 3530; x_wconf 91' lang='lat' dir='ltr'>pondus</span> <span class='ocrx_word' id='word_1_234' title='bbox 1913 3424 2005 3508; x_wconf 89' lang='lat' dir='ltr'>tori·</span> 
     </span>
     <span class='ocr_line' id='line_1_27' title="bbox 434 3538 2006 3670; baseline -0.011 -25"><span class='ocrx_word' id='word_1_235' title='bbox 434 3585 482 3645; x_wconf 90' lang='lat' dir='ltr'>us</span> <span class='ocrx_word' id='word_1_236' title='bbox 505 3555 656 3670; x_wconf 73' lang='lat' dir='ltr'>aequaIe</span> <span class='ocrx_word' id='word_1_237' title='bbox 673 3551 729 3636; x_wconf 89' lang='lat' dir='ltr'>est</span> <span class='ocrx_word' id='word_1_238' title='bbox 750 3545 997 3661; x_wconf 87' lang='lat' dir='ltr'>ponderibus</span> <span class='ocrx_word' id='word_1_239' title='bbox 1026 3539 1212 3626; x_wconf 86' lang='lat' dir='ltr'>omniurn</span> <span class='ocrx_word' id='word_1_240' title='bbox 1243 3539 1436 3653; x_wconf 87' lang='lat' dir='ltr'>partium,</span> <span class='ocrx_word' id='word_1_241' title='bbox 1462 3538 1641 3652; x_wconf 92' lang='lat' dir='ltr'>ideoque</span> <span class='ocrx_word' id='word_1_242' title='bbox 1661 3565 1715 3624; x_wconf 82' lang='lat' dir='ltr'>ex</span> <span class='ocrx_word' id='word_1_243' title='bbox 1732 3539 1871 3625; x_wconf 91' lang='lat' dir='ltr'>iisdem</span> <span class='ocrx_word' id='word_1_244' title='bbox 1891 3568 2006 3628; x_wconf 89' lang='lat' dir='ltr'>com-</span> 
     </span>
     <span class='ocr_line' id='line_1_28' title="bbox 435 3663 2006 3792; baseline -0.01 -27"><span class='ocrx_word' id='word_1_245' title='bbox 435 3681 614 3792; x_wconf 92' lang='lat' dir='ltr'>ponitur.</span> <span class='ocrx_word' id='word_1_246' title='bbox 684 3671 863 3755; x_wconf 87' lang='lat' dir='ltr'>Asterius</span> <span class='ocrx_word' id='word_1_247' title='bbox 896 3666 1053 3776; x_wconf 88' lang='lat' dir='ltr'>generis</span> <span class='ocrx_word' id='word_1_248' title='bbox 1083 3665 1278 3772; x_wconf 81' lang='lat' dir='ltr'>gravitate</span> <span class='ocrx_word' id='word_1_249' title='bbox 1299 3685 1477 3774; x_wconf 87' lang='lat' dir='ltr'>corpora</span> <span class='ocrx_word' id='word_1_250' title='bbox 1501 3688 1587 3747; x_wconf 91' lang='lat' dir='ltr'>non</span> <span class='ocrx_word' id='word_1_251' title='bbox 1610 3663 1813 3772; x_wconf 80' lang='lat' dir='ltr'>gravitant</span> <span class='ocrx_word' id='word_1_252' title='bbox 1839 3664 1881 3746; x_wconf 92' lang='lat' dir='ltr'>in</span> <span class='ocrx_word' id='word_1_253' title='bbox 1905 3665 2006 3750; x_wconf 87' lang='lat' dir='ltr'>locis</span> 
     </span>
     <span class='ocr_line' id='line_1_29' title="bbox 436 3784 2137 3900; baseline -0.009 -12"><span class='ocrx_word' id='word_1_254' title='bbox 436 3803 528 3898; x_wconf 89' lang='lat' dir='ltr'>suis,</span> <span class='ocrx_word' id='word_1_255' title='bbox 556 3795 686 3892; x_wconf 85' lang='lat' dir='ltr'>idest,</span> <span class='ocrx_word' id='word_1_256' title='bbox 721 3794 828 3875; x_wconf 87' lang='lat' dir='ltr'>inter</span> <span class='ocrx_word' id='word_1_257' title='bbox 846 3789 886 3872; x_wconf 92' lang='lat' dir='ltr'>se</span> <span class='ocrx_word' id='word_1_258' title='bbox 911 3789 1057 3870; x_wconf 78' lang='lat' dir='ltr'>coliata</span> <span class='ocrx_word' id='word_1_259' title='bbox 1082 3811 1165 3870; x_wconf 92' lang='lat' dir='ltr'>non</span> <span class='ocrx_word' id='word_1_260' title='bbox 1186 3804 1453 3900; x_wconf 79' lang='lat' dir='ltr'>praegravant,</span> <span class='ocrx_word' id='word_1_261' title='bbox 1481 3784 1550 3870; x_wconf 92' lang='lat' dir='ltr'>sed</span> <span class='ocrx_word' id='word_1_262' title='bbox 1577 3804 1742 3872; x_wconf 88' lang='lat' dir='ltr'>mutuos</span> <span class='ocrx_word' id='word_1_263' title='bbox 1766 3787 1818 3870; x_wconf 85' lang='lat' dir='ltr'>ad</span> <span class='ocrx_word' id='word_1_264' title='bbox 1840 3787 2005 3874; x_wconf 90' lang='lat' dir='ltr'>descen·</span> <span class='ocrx_word' id='word_1_265' title='bbox 2136 3865 2137 3899; x_wconf 24' lang='grc' dir='ltr'><strong>ἶ</strong></span> 
     </span>
     <span class='ocr_line' id='line_1_30' title="bbox 428 3907 2004 4022; baseline -0.01 -11"><span class='ocrx_word' id='word_1_266' title='bbox 428 3923 619 4010; x_wconf 71' lang='lat' dir='ltr'>tiendum</span> <span class='ocrx_word' id='word_1_267' title='bbox 636 3927 813 4004; x_wconf 77' lang='lat' dir='ltr'>conatus</span> <span class='ocrx_word' id='word_1_268' title='bbox 841 3908 1107 4020; x_wconf 87' lang='lat' dir='ltr'>impedientia</span> <span class='ocrx_word' id='word_1_269' title='bbox 1135 3929 1372 4022; x_wconf 86' lang='lat' dir='ltr'>permanent</span> <span class='ocrx_word' id='word_1_270' title='bbox 1392 3911 1436 3994; x_wconf 90' lang='lat' dir='ltr'>in</span> <span class='ocrx_word' id='word_1_271' title='bbox 1454 3909 1554 3993; x_wconf 91' lang='lat' dir='ltr'>locis</span> <span class='ocrx_word' id='word_1_272' title='bbox 1582 3907 1672 4006; x_wconf 88' lang='lat' dir='ltr'>suis,</span> <span class='ocrx_word' id='word_1_273' title='bbox 1708 3908 1881 4020; x_wconf 89' lang='lat' dir='ltr'>perinde</span> <span class='ocrx_word' id='word_1_274' title='bbox 1908 3912 2004 3995; x_wconf 86' lang='lat' dir='ltr'>aest</span> 
     </span>
     <span class='ocr_line' id='line_1_31' title="bbox 435 4034 2135 4163; baseline -0.018 -25"><span class='ocrx_word' id='word_1_275' title='bbox 435 4053 573 4163; x_wconf 85' lang='lat' dir='ltr'>gravia</span> <span class='ocrx_word' id='word_1_276' title='bbox 595 4075 680 4134; x_wconf 93' lang='lat' dir='ltr'>non</span> <span class='ocrx_word' id='word_1_277' title='bbox 700 4040 836 4129; x_wconf 80' lang='lat' dir='ltr'>essent.</span> <span class='ocrx_word' id='word_1_278' title='bbox 879 4037 986 4148; x_wconf 86' lang='lat' dir='ltr'>Quae</span> <span class='ocrx_word' id='word_1_279' title='bbox 1009 4038 1050 4120; x_wconf 95' lang='lat' dir='ltr'>in</span> <span class='ocrx_word' id='word_1_280' title='bbox 1070 4043 1160 4120; x_wconf 86' lang='lat' dir='ltr'>a&#39;e&#39;re</span> <span class='ocrx_word' id='word_1_281' title='bbox 1181 4035 1271 4120; x_wconf 91' lang='lat' dir='ltr'>sunt</span> <span class='ocrx_word' id='word_1_282' title='bbox 1291 4034 1334 4118; x_wconf 78' lang='lat' dir='ltr'>dc</span> <span class='ocrx_word' id='word_1_283' title='bbox 1354 4060 1436 4120; x_wconf 92' lang='lat' dir='ltr'>non</span> <span class='ocrx_word' id='word_1_284' title='bbox 1457 4047 1728 4144; x_wconf 78' lang='lat' dir='ltr'>praegravant‚</span> <span class='ocrx_word' id='word_1_285' title='bbox 1755 4034 1899 4142; x_wconf 79' lang='lat' dir='ltr'>vulgus</span> <span class='ocrx_word' id='word_1_286' title='bbox 1916 4059 2003 4144; x_wconf 80' lang='lat' dir='ltr'>gra.</span> <span class='ocrx_word' id='word_1_287' title='bbox 2134 4107 2135 4141; x_wconf 33' lang='lat' dir='ltr'>q</span> 
     </span>
     <span class='ocr_line' id='line_1_32' title="bbox 435 4155 2134 4284; baseline -0.014 -18"><span class='ocrx_word' id='word_1_288' title='bbox 435 4183 499 4265; x_wconf 87' lang='lat' dir='ltr'>via</span> <span class='ocrx_word' id='word_1_289' title='bbox 519 4203 603 4264; x_wconf 93' lang='lat' dir='ltr'>non</span> <span class='ocrx_word' id='word_1_290' title='bbox 624 4171 792 4284; x_wconf 90' lang='lat' dir='ltr'>judicat.</span> <span class='ocrx_word' id='word_1_291' title='bbox 849 4165 956 4276; x_wconf 86' lang='lat' dir='ltr'>Quae</span> <span class='ocrx_word' id='word_1_292' title='bbox 981 4181 1232 4275; x_wconf 77' lang='lat' dir='ltr'>praegravant</span> <span class='ocrx_word' id='word_1_293' title='bbox 1262 4163 1406 4269; x_wconf 86' lang='lat' dir='ltr'>vulgus</span> <span class='ocrx_word' id='word_1_294' title='bbox 1438 4159 1573 4266; x_wconf 85' lang='lat' dir='ltr'>gravia</span> <span class='ocrx_word' id='word_1_295' title='bbox 1596 4155 1766 4265; x_wconf 88' lang='lat' dir='ltr'>judicat,</span> <span class='ocrx_word' id='word_1_296' title='bbox 1793 4177 2003 4268; x_wconf 83' lang='lat' dir='ltr'>quatenus</span> <span class='ocrx_word' id='word_1_297' title='bbox 2133 4231 2134 4260; x_wconf 29' lang='lat' dir='ltr'>q</span> 
     </span>
     <span class='ocr_line' id='line_1_33' title="bbox 436 4280 2133 4411; baseline -0.014 -22"><span class='ocrx_word' id='word_1_298' title='bbox 436 4307 486 4390; x_wconf 87' lang='lat' dir='ltr'>ab</span> <span class='ocrx_word' id='word_1_299' title='bbox 509 4303 607 4386; x_wconf 83' lang='lat' dir='ltr'>a&#39;e‘ris</span> <span class='ocrx_word' id='word_1_300' title='bbox 629 4295 821 4411; x_wconf 89' lang='lat' dir='ltr'>pondere</span> <span class='ocrx_word' id='word_1_301' title='bbox 842 4309 930 4374; x_wconf 93' lang='lat' dir='ltr'>non</span> <span class='ocrx_word' id='word_1_302' title='bbox 956 4287 1207 4372; x_wconf 79' lang='lat' dir='ltr'>sustinentur.</span> <span class='ocrx_word' id='word_1_303' title='bbox 1276 4283 1466 4369; x_wconf 88' lang='lat' dir='ltr'>Pondera</span> <span class='ocrx_word' id='word_1_304' title='bbox 1492 4282 1606 4390; x_wconf 83' lang='lat' dir='ltr'>uulgi</span> <span class='ocrx_word' id='word_1_305' title='bbox 1638 4280 1877 4374; x_wconf 83' lang='lat' dir='ltr'>nibisaliud</span> <span class='ocrx_word' id='word_1_306' title='bbox 1912 4281 2003 4367; x_wconf 90' lang='lat' dir='ltr'>sunt</span> <span class='ocrx_word' id='word_1_307' title='bbox 2132 4299 2133 4302; x_wconf 67' lang='lat'>‘</span> 
     </span>
     <span class='ocr_line' id='line_1_34' title="bbox 424 4399 2132 4544; baseline -0.016 -30"><span class='ocrx_word' id='word_1_308' title='bbox 424 4455 557 4544; x_wconf 84' lang='lat' dir='ltr'>quam</span> <span class='ocrx_word' id='word_1_309' title='bbox 594 4419 772 4508; x_wconf 81' lang='lat' dir='ltr'>excessus</span> <span class='ocrx_word' id='word_1_310' title='bbox 802 4433 993 4497; x_wconf 86' lang='lat' dir='ltr'>verorum</span> <span class='ocrx_word' id='word_1_311' title='bbox 1026 4409 1258 4521; x_wconf 89' lang='lat' dir='ltr'>ponderum</span> <span class='ocrx_word' id='word_1_312' title='bbox 1290 4407 1406 4519; x_wconf 87' lang='lat' dir='ltr'>supra</span> <span class='ocrx_word' id='word_1_313' title='bbox 1442 4404 1602 4518; x_wconf 89' lang='lat' dir='ltr'>pondus</span> <span class='ocrx_word' id='word_1_314' title='bbox 1632 4403 1744 4486; x_wconf 81' lang='lat' dir='ltr'>aeris.</span> <span class='ocrx_word' id='word_1_315' title='bbox 1807 4399 2002 4488; x_wconf 81' lang='lat' dir='ltr'>Unde&amp;</span> <span class='ocrx_word' id='word_1_316' title='bbox 2131 4403 2132 4412; x_wconf 68' lang='lat'><em>&#39;</em></span> 
     </span>
     <span class='ocr_line' id='line_1_35' title="bbox 425 4527 2004 4662; baseline -0.018 -23"><span class='ocrx_word' id='word_1_317' title='bbox 425 4555 560 4662; x_wconf 84' lang='lat' dir='ltr'>&#39;vuigo</span> <span class='ocrx_word' id='word_1_318' title='bbox 589 4550 783 4633; x_wconf 87' lang='lat' dir='ltr'>dicuntur</span> <span class='ocrx_word' id='word_1_319' title='bbox 811 4539 924 4634; x_wconf 90' lang='lat' dir='ltr'>levia,</span> <span class='ocrx_word' id='word_1_320' title='bbox 954 4553 1051 4648; x_wconf 80' lang='lat' dir='ltr'>quae</span> <span class='ocrx_word' id='word_1_321' title='bbox 1079 4535 1168 4617; x_wconf 91' lang='lat' dir='ltr'>sunt</span> <span class='ocrx_word' id='word_1_322' title='bbox 1197 4534 1328 4616; x_wconf 90' lang='lat' dir='ltr'>minus</span> <span class='ocrx_word' id='word_1_323' title='bbox 1359 4533 1509 4639; x_wconf 82' lang='lat' dir='ltr'>grauia,</span> <span class='ocrx_word' id='word_1_324' title='bbox 1546 4527 1710 4641; x_wconf 87' lang='lat' dir='ltr'>a&#39;e&#39;rique</span> <span class='ocrx_word' id='word_1_325' title='bbox 1738 4528 2004 4640; x_wconf 73' lang='lat' dir='ltr'>pregravanti</span> 
     </span>
     <span class='ocr_line' id='line_1_36' title="bbox 433 4652 2001 4782; baseline -0.019 -18"><span class='ocrx_word' id='word_1_326' title='bbox 433 4675 625 4764; x_wconf 87' lang='lat' dir='ltr'>cedendo</span> <span class='ocrx_word' id='word_1_327' title='bbox 649 4667 854 4782; x_wconf 88' lang='lat' dir='ltr'>superiora</span> <span class='ocrx_word' id='word_1_328' title='bbox 876 4681 1031 4776; x_wconf 90' lang='lat' dir='ltr'>petunt.</span> <span class='ocrx_word' id='word_1_329' title='bbox 1092 4656 1386 4768; x_wconf 88' lang='lat' dir='ltr'>Comparative</span> <span class='ocrx_word' id='word_1_330' title='bbox 1410 4655 1515 4737; x_wconf 85' lang='lat' dir='ltr'>levia</span> <span class='ocrx_word' id='word_1_331' title='bbox 1537 4653 1640 4748; x_wconf 91' lang='lat' dir='ltr'>sunt,</span> <span class='ocrx_word' id='word_1_332' title='bbox 1668 4677 1752 4736; x_wconf 92' lang='lat' dir='ltr'>non</span> <span class='ocrx_word' id='word_1_333' title='bbox 1767 4677 1882 4748; x_wconf 82' lang='lat' dir='ltr'>vere,</span> <span class='ocrx_word' id='word_1_334' title='bbox 1909 4652 2001 4762; x_wconf 92' lang='lat' dir='ltr'>quia</span> 
     </span>
     <span class='ocr_line' id='line_1_37' title="bbox 434 4777 1998 4894; baseline -0.019 -5"><span class='ocrx_word' id='word_1_335' title='bbox 434 4799 687 4889; x_wconf 89' lang='lat' dir='ltr'>descendunt</span> <span class='ocrx_word' id='word_1_336' title='bbox 716 4795 756 4878; x_wconf 93' lang='lat' dir='ltr'>in</span> <span class='ocrx_word' id='word_1_337' title='bbox 778 4817 920 4874; x_wconf 85' lang='lat' dir='ltr'>vacuo.</span> <span class='ocrx_word' id='word_1_338' title='bbox 965 4785 1041 4870; x_wconf 80' lang='lat' dir='ltr'>¹&#39;Sic</span> <span class='ocrx_word' id='word_1_339' title='bbox 1062 4784 1104 4867; x_wconf 76' lang='lat' dir='ltr'>dt</span> <span class='ocrx_word' id='word_1_340' title='bbox 1127 4786 1168 4867; x_wconf 90' lang='lat' dir='ltr'>in</span> <span class='ocrx_word' id='word_1_341' title='bbox 1190 4808 1291 4894; x_wconf 88' lang='lat' dir='ltr'>aqua</span> <span class='ocrx_word' id='word_1_342' title='bbox 1320 4806 1510 4892; x_wconf 87' lang='lat' dir='ltr'>corpora,</span> <span class='ocrx_word' id='word_1_343' title='bbox 1539 4803 1631 4893; x_wconf 82' lang='lat' dir='ltr'>quae</span> <span class='ocrx_word' id='word_1_344' title='bbox 1650 4778 1704 4862; x_wconf 94' lang='lat' dir='ltr'>ob</span> <span class='ocrx_word' id='word_1_345' title='bbox 1721 4777 1919 4885; x_wconf 90' lang='lat' dir='ltr'>majorem</span> <span class='ocrx_word' id='word_1_346' title='bbox 1938 4779 1998 4860; x_wconf 88' lang='lat' dir='ltr'>vei</span> 
     </span>
    </p>
   </div>
   <div class='ocr_carea' id='block_1_3' title="bbox 430 4894 1998 5134">
    <p class='ocr_par' dir='ltr' id='par_1_6' title="bbox 430 4894 1998 5134">
     <span class='ocr_line' id='line_1_38' title="bbox 430 4894 1998 5032; baseline -0.022 -18"><span class='ocrx_word' id='word_1_347' title='bbox 430 4929 633 5013; x_wconf 87' lang='lat' dir='ltr'>minorem</span> <span class='ocrx_word' id='word_1_348' title='bbox 654 4919 894 5032; x_wconf 81' lang='lat' dir='ltr'>grauitatem</span> <span class='ocrx_word' id='word_1_349' title='bbox 918 4909 1168 4999; x_wconf 88' lang='lat' dir='ltr'>descendunt</span> <span class='ocrx_word' id='word_1_350' title='bbox 1191 4909 1255 4990; x_wconf 82' lang='lat' dir='ltr'>vel</span> <span class='ocrx_word' id='word_1_351' title='bbox 1275 4905 1510 5005; x_wconf 89' lang='lat' dir='ltr'>ascendunt,</span> <span class='ocrx_word' id='word_1_352' title='bbox 1540 4906 1630 4992; x_wconf 91' lang='lat' dir='ltr'>sunt</span> <span class='ocrx_word' id='word_1_353' title='bbox 1656 4894 1998 5015; x_wconf 87' lang='lat' dir='ltr'>comparative&amp;</span> 
     </span>
     <span class='ocr_line' id='line_1_39' title="bbox 1878 5046 1998 5134; baseline -0.05 -29"><span class='ocrx_word' id='word_1_354' title='bbox 1878 5046 1998 5134; x_wconf 90' lang='lat' dir='ltr'>appa·</span> 
     </span>
    </p>
   </div>
   <div class='ocr_carea' id='block_1_4' title="bbox 0 0 2176 5648">
    <p class='ocr_par' dir='ltr' id='par_1_7' title="bbox 0 0 2176 5648">
     <span class='ocr_line' id='line_1_40' title="bbox 0 0 2176 5648; baseline 0 1"><span class='ocrx_word' id='word_1_355' title='bbox 0 0 2176 5648; x_wconf 95' lang='lat' dir='ltr'> </span> 
     </span>
    </p>
   </div>
  </div>
 </body>
</html>
