4336 5656
439 271 529 368 108
693 269 1216 374 PHILOSOPHIAE
1260 271 1720 376 NATURALIS

218 448 273 510 D
290 445 379 508 Mor
361 463 527 524 tutum
557 440 704 552 puncta
736 443 872 526 omnia
906 466 979 552 per
1009 441 1282 553 longitudines
1316 439 1609 556 aequationibus
1639 439 1838 540 definitas,
1865 439 1920 526 id
1952 439 2043 540 eli,

376 547 507 680 “pet
537 568 840 674 longitudinum
865 568 1040 653 rationes
1068 569 1341 680 complicatas,
1368 567 1632 654 determinari
1653 565 1844 679 poliuntr
1874 589 2043 652 caete·
2116 536 2128 639 i

432 689 574 804 rusque
605 693 668 795 (ut
691 691 862 801 lpiriles,
900 693 1191 805 quadratrices,
1228 693 1485 804 trochoides)
1512 693 1766 804 geometrice
1790 693 2042 778 irrationa-
2121 642 2129 861 i

433 823 504 908 les.
558 816 663 902 Nam
697 818 972 926 longitudines
998 845 1091 932 quae
1119 821 1208 906 sunt
1237 823 1301 904 vel
1328 847 1410 906 nort
1442 821 1528 906 lunt
1556 839 1602 902 ut
1628 843 1820 904 numerus
1845 819 1901 903 ad
1935 846 2038 904 nu·

433 967 594 1028 merum
622 945 989 1056 (quemadmodum
1020 947 1062 1031 in
1092 945 1257 1030 decimo
1284 948 1601 1052 elementorum)
1628 943 1718 1029 sunt
1738 945 2032 1030 arithmetice

433 1067 645 1154 rationales
667 1071 732 1154 vel
759 1071 1017 1156 irrationales.
1072 1074 1224 1154 Aream
1257 1071 1381 1182 igitur
1408 1071 1588 1182 ellipleos
1616 1069 1794 1180 tempori
1822 1095 2031 1182 propor-
2129 1152 2135 1165 ,

433 1195 625 1282 tionalem
650 1194 844 1282 abscindo
869 1223 942 1310 per
961 1221 1128 1282 curvam
1154 1199 1408 1308 geometrice
1433 1197 1705 1283 irrationalem
1730 1215 1777 1280 ut
1801 1196 2025 1310 sequitur.
2130 1176 2137 1277 i

521 1484 985 1580 PROPOSlTlO
1021 1489 1198 1582 XXXI.
1272 1485 1679 1582 PROBLEMA
1732 1484 1908 1578 XXlll.

434 1667 633 1806 Corporis
665 1665 712 1764 in
745 1667 854 1766 data
886 1667 1143 1800 trajeiloria
1176 1671 1369 1807 elliptr'ca
1402 1669 1508 1768 moti
1542 1667 1741 1768 inuenire
1770 1668 1916 1768 locum
1941 1669 2021 1766 ad
2147 1705 2148 1710 ‘

974 1851 1140 1964 tempus
1169 1827 1446 1962 affignatum.

490 2062 685 2174 Ellipleos
704 2063 841 2149 APB
866 2061 912 2147 lit
931 2062 980 2147 A
1000 2083 1143 2148 vertex
1168 2065 1410 2179 principalis,
1446 2063 1726 2162 Sumbilicus‚
1761 2061 1805 2148 dt
1832 2064 1873 2146 Ο
1896 2091 2001 2152 cen·
2148 2085 2149 2104 ³

435 2205 561 2284 trum,
586 2185 714 2300 litque
736 2188 780 2271 P
805 2186 989 2297 corporis
1014 2189 1127 2274 locus
1152 2189 1429 2275 inveniendus.
1484 2185 1650 2274 Produc
1673 2187 1772 2271 ΟΛ
1791 2187 1844 2274 ad
1866 2187 1921 2286 G,
1950 2209 1997 2274 ut

433 2307 482 2394 fit
509 2310 601 2393 OG
626 2309 678 2394 ad
706 2311 798 2393 ΟΑ
816 2327 861 2394 ut
884 2310 978 2392 OA
1003 2310 1055 2394 ad
1089 2307 1181 2392 OS.
1236 2307 1362 2422 Erige
1375 2309 1724 2422 perpendiculum
1755 2305 1869 2408 GH,
1897 2335 1997 2396 cen·

434 2452 583 2548 troque
604 2437 641 2518 0
661 2433 933 2518 &intervallo
955 2434 1039 2518 OG
1061 2433 1244 2522 describe
1262 2436 1461 2521 circulum
1481 2433 1575 2518 GE
1582 2431 1633 2532 F,
1660 2432 1703 2517 &
1722 2433 1839 2544 super
1856 2437 1999 2546 regula
2134 2402 2139 2439 ²

434 2558 476 2643 G
490 2557 548 2659 H,
583 2583 660 2644 ceu
684 2556 828 2655 fundo,
853 2557 1137 2668 progrediatur
1165 2581 1255 2648 rota
1282 2562 1322 2645 G
1336 2561 1378 2646 E
1392 2559 1436 2642 F
1461 2555 1714 2644 revolvendo
1741 2559 1851 2646 circa
1873 2585 1997 2647 axem

434 2683 565 2782 suum,
604 2680 649 2767 δι
680 2682 834 2768 interea
861 2679 1014 2792 pundo
1050 2683 1123 2770 suo
1152 2689 1201 2770 A
1233 2681 1503 2772 describendo
1537 2679 1799 2768 trochoidetn
1834 2683 1937 2765 AL
1957 2684 1999 2769 1.

436 2811 536 2924 Quo
559 2807 683 2910 latito,
709 2833 808 2924 cape
835 2807 936 2894 GK
954 2807 997 2894 in
1027 2811 1184 2899 ratione
1215 2813 1267 2899 ad
1291 2832 1395 2899 rote
1421 2808 1687 2921 perimetrutn
1713 2801 1861 2890 GEF
1867 2809 1923 2910 G,
1946 2829 1996 2894 ut
2150 2881 2151 2924 ι

434 4547 492 4634 est
514 4564 686 4660 tempus,
711 4577 795 4663 quo
812 4579 960 4666 corpus
966 4551 1282 4697 progrediendo
1299 4554 1350 4640 ab
1371 4551 1417 4636 A
1431 4548 1637 4662 descripsrt
1652 4571 1792 4634 arcum
1806 4550 1855 4632 A
1861 4547 1922 4650 P
1938 4553 1993 4638 ad

433 4695 593 4785 tempus
621 4675 883 4763 revolutionis
908 4682 1025 4766 unius
1053 4681 1095 4764 in
1122 4679 1257 4790 ellipsr.
1311 4677 1501 4788 Erigatur
1531 4673 1868 4788 perpendiculum
1898 4677 1947 4762 K
1952 4675 1993 4761 L
2050 4745 2053 4749 .

432 4821 652 4883 occurrens
682 4799 918 4884 trochoidi
907 4826 950 4888 ιιι
978 4800 1032 4900 L,
1058 4789 1111 4885 &
1137 4803 1223 4884 asta
1246 4799 1340 4888 LP
1372 4800 1445 4915 ipli
1474 4799 1568 4885 KG
1591 4799 1774 4916 parallelo
1800 4825 1993 4890 occurret

432 4921 593 5036 ellipsr
581 4949 625 5010 ιιι
647 4923 831 5060 corporis
848 4924 944 5014 loco
962 4923 1131 5041 quaefito
1148 4923 1204 5010 P.
1369 5011 1373 5020 ,
1883 5045 1991 5131 Nam
