4450 5674
417 184 1463 340 rrtnorrrasro'rus'uosrca:
1668 271 1731 368 μ

157 415 243 504 ubi
260 437 376 500 arcus
392 413 448 498 illi
466 413 509 500 in
527 411 732 500 infinitum
758 409 1050 498 diminuuntur.
1105 409 1212 498 Nam
1234 414 1297 500 hae
1317 415 1469 525 sagittae
1487 416 1578 501 sunt
1598 409 1734 501 semis·
1788 420 1911 482 cm,
1942 509 1944 514 ,

156 545 232 630 ses
245 541 531 652 diagonalium,
552 538 607 624 de
625 537 772 654 quibus
790 537 946 649 egimus
964 539 1009 627 in
1026 541 1242 626 corollario
1262 543 1397 626 tertio.
1440 559 1445 567 ·
1776 498 1827 576 P*
1835 517 1938 565 ''w’'

228 667 352 750 Coros.
370 695 406 770 5.
440 663 624 778 Ideoque
652 664 758 749 vites
784 662 944 748 eaedem
970 663 1060 750 sunt
1086 664 1137 750 ad
1164 667 1247 750 vim
1273 667 1491 777 gravitatis,
1525 685 1572 750 ut
1594 665 1658 750 hae
1677 666 1698 752 s
1715 717 1733 736 -

156 794 285 904 gittae
315 791 367 877 ad
393 789 553 901 sagittas
586 790 790 874 horizonti
824 788 1176 901 perpendiculares
1203 816 1369 876 arcuum
1392 791 1732 905 parabolicorum,

155 945 274 1034 quos
294 915 514 1029 projeslilia
533 916 680 1001 eodem
704 935 891 1027 tempore
910 916 1155 1002 describunt.

226 1048 353 1133 Coros.
374 1053 410 1128 ό.
437 1039 597 1128 Eadem
616 1042 752 1126 omnia
771 1041 958 1128 obtinent
977 1068 1051 1154 per
1072 1043 1208 1152 legum
1233 1042 1360 1127 corol.
1380 1069 1417 1126 v.
1453 1044 1523 1127 ubi
1542 1044 1671 1156 plana,
1687 1042 1732 1129 in

155 1175 317 1288 quibus
338 1194 511 1279 corpora
532 1187 763 1267 moventur,
789 1191 984 1253 unacum
1008 1171 1158 1253 centris
1188 1169 1347 1263 virium,
1369 1191 1461 1280 quae
1488 1170 1529 1253 in
1548 1169 1637 1282 ipsrs
1662 1165 1732 1252 srta

156 1303 274 1402 sunt,
300 1326 383 1388 non
401 1297 628 1413 quiescunt,
654 1295 724 1382 sed
747 1289 965 1383 moventur
988 1293 1245 1384 uniformiter
1262 1297 1305 1381 in
1319 1290 1533 1384 diresium.

214 1565 222 1574 ’
360 1537 837 1690 storosttto
872 1594 926 1688 u.
1000 1518 1437 1688 subostensa
1473 1591 1527 1684 11.

155 1803 331 1942 Corpus
354 1830 491 1918 omne,
519 1789 641 1928 qnod
655 1819 851 1892 movetur
873 1793 921 1892 in
943 1793 1062 1894 linea
1085 1792 1243 1930 aliquo
1267 1827 1404 1891 curva
1426 1788 1474 1888 in
1497 1787 1636 1929 plano
1653 1787 1730 1889 de·

223 1955 418 2092 scripta,
456 1943 518 2051 θ’
539 1943 665 2042 radio
688 1941 812 2043 dnbio
835 1942 1128 2086 crispandum
1149 1944 1231 2044 vel
1248 1941 1481 2066 immobile,
1518 1942 1596 2040 vel
1613 1971 1731 2040 motu
1821 1943 1822 1946 ‘

241 2106 462 2211 rossilineo
486 2097 761 2230 uniformiter
777 2102 1076 2236 progrediens,
1102 2097 1305 2224 describit
1327 2135 1455 2198 areas
1478 2097 1596 2196 circa
1610 2127 1730 2234 pun-

238 2262 360 2366 sium
392 2251 508 2355 illud
531 2252 794 2390 temporibus
817 2256 1179 2394 proportionales,
1225 2281 1403 2388 urgetur
1436 2293 1466 2351 a
1498 2254 1546 2354 vi
1569 2253 1729 2362 centri·

228 2449 344 2562 peta
366 2411 565 2514 tendente
588 2407 656 2508 ad
670 2408 787 2510 idem
803 2409 1033 2549 parasium.

224 2703 319 2806 Caſs
336 2725 368 2782 1.
403 2695 510 2782 Nam
538 2719 686 2807 corpus
716 2719 854 2794 omne,
880 2692 995 2810 quod
1022 2714 1211 2780 movetur
1232 2695 1275 2780 in
1300 2694 1404 2780 linea
1430 2719 1567 2795 curva,
1593 2689 1731 2783 detor·

164 2846 322 2946 quetur
347 2827 396 2908 de
420 2821 538 2906 cursu
566 2821 774 2906 restilineo
797 2847 871 2934 per
898 2824 980 2906 vim
1006 2823 1179 2936 aliquam
1205 2823 1246 2907 in
1271 2821 1399 2933 ipsum
1423 2842 1611 2932 agentem
1639 2824 1732 2937 (per

164 2957 248 3065 leg.
272 2958 324 3061 1.)
368 2945 423 3032 lt't
442 2945 501 3030 vis
525 2945 604 3044 illa,
642 2971 720 3058 qua
747 2971 896 3057 corpus
922 2945 1114 3032 decursu
1138 2945 1345 3032 tesiilioeo
1373 2948 1732 3063 detorquetun&
1796 2965 1806 2987 “·

166 3077 335 3188 cogitur
376 3071 571 3181 triangula
607 3094 731 3184 quam
760 3071 927 3156 minima
961 3070 1110 3169 SAB,
1144 3071 1278 3169 SBC,
1313 3071 1471 3171 SCD,
1505 3073 1585 3160 &e
1626 3075 1734 3162 circa

164 3197 365 3316 pontium
387 3195 598 3280 immobile
622 3193 655 3278 S
677 3197 927 3306 temporibus
947 3195 1163 3308 aequalibus
1191 3195 1358 3310 aequalia
1383 3195 1625 3295 describere,
1651 3199 1736 3308 'agit

164 3331 210 3415 in
229 3331 327 3412 loco
346 3325 386 3404 B
410 3320 633 3407 secundum
660 3321 807 3405 lineam
836 3324 1060 3433 parallelum
1082 3323 1154 3434 ipst
1172 3323 1244 3405 cC
1266 3327 1358 3432 (per
1383 3348 1499 3435 prop.
1516 3351 1585 3408 xs.
1610 3325 1734 3410 libr.

167 3457 290 3541 elem.
311 3451 353 3535 &
372 3451 448 3556 leg.
467 3454 545 3557 11.)
573 3447 652 3528 boc
682 3445 753 3545 esl,
780 3446 1000 3533 secundum
1030 3449 1178 3532 lineam
1207 3447 1294 3530 BS
1309 3483 1321 3543 ς
1364 3445 1407 3530 &
1435 3449 1477 3536 in
1502 3451 1598 3536 loco
1618 3453 1655 3536 C
1674 3451 1734 3537 se·

167 3583 355 3670 cundum
376 3579 523 3661 lineam
550 3571 621 3682 ipss
642 3572 735 3657 dD
757 3575 995 3685 parallelam,
1019 3577 1102 3661 hoc
1127 3575 1197 3672 est,
1223 3574 1446 3696 secundum
1474 3575 1620 3674 lineam
1646 3579 1735 3680 SC,

168 3710 251 3796 dte.
307 3705 407 3816 Agit
427 3727 527 3810 ergo
546 3699 703 3810 semper
726 3699 951 3786 secundom
970 3701 1091 3789 lineas
1110 3703 1323 3790 tendentes
1345 3700 1396 3786 ad
1416 3703 1611 3816 punslum
1632 3706 1735 3793 illud

168 3834 380 3924 immobile
406 3821 447 3913 S.
505 3826 700 3943 μᾶ).

207 3963 321 4068 Cast
336 3985 373 4038 2.
399 3951 469 4052 Et,
497 3979 569 4063 per
590 3953 726 4062 legum
746 3952 1005 4040 corollarium
1031 3959 1234 4070 quintum,
1260 3951 1432 4067 perinde
1455 3951 1624 4052 est,'srve
1645 3958 1733 4070 qui·

170 4083 278 4170 elcat
308 4076 549 4192 superficies,
575 4075 616 4159 in
648 4101 730 4188 qua
755 4103 903 4188 corpus
930 4077 1121 4164 describit
1147 4081 1316 4190 figuram
1339 4077 1616 4178 curvilineam,
1651 4081 1733 4168 srve

172 4227 384 4296 moveatur
406 4203 550 4289 eadem
576 4227 655 4287 una
685 4230 781 4289 cum
808 4229 999 4317 corpore,
1026 4205 1153 4317 ligura
1180 4206 1393 4317 descripta,
1421 4202 1466 4286 dt
1485 4205 1637 4316 punsio
1661 4206 1732 4297 suo

175 4339 206 4422 S
229 4333 488 4424 uniformiter
509 4331 552 4414 in
570 4327 783 4415 direslum.

227 4465 351 4548 Coros.
369 4489 402 4547 1.
446 4456 490 4542 ln
509 4457 641 4572 spatiis
662 4458 726 4541 vel
750 4453 900 4542 mediis
929 4483 1013 4544 non
1044 4457 1326 4557 resrstentibus,
1363 4458 1392 4544 sr
1420 4483 1523 4548 areae
1542 4487 1626 4550 non
1644 4463 1737 4552 sunt

175 4589 422 4699 temporibus
451 4585 787 4696 proportionales,
810 4585 915 4668 vires
944 4611 1028 4670 non
1054 4583 1228 4670 tendunt
1256 4584 1307 4670 ad
1328 4588 1570 4674 concursum
1599 4590 1745 4675 radio·¹
1901 4645 1905 4654 -

175 4737 262 4796 rum
283 4749 295 4809 ;
323 4711 391 4795 sed
410 4707 506 4794 inde
521 4708 725 4794 declinant
742 4709 784 4794 in
804 4707 1105 4822 consequentia,
1125 4709 1194 4794 seu
1219 4709 1354 4798 versus
1372 4713 1530 4824 plagam
1551 4713 1735 4827 inquam

176 4833 220 4918 fit
248 4854 395 4932 motus,
430 4835 607 4920 srmodo
636 4858 820 4920 arearum
846 4832 1068 4949 descriptio
1096 4836 1367 4924 acceleratur:
1411 4837 1467 4926 srn
1496 4838 1737 4937 retardatur,

178 4958 437 5050 declinantia
457 4959 751 5048 antecedentia.
1328 4979 1332 4984 ·
1745 4981 1746 4986 ‘

971 5076 1016 5168 G
1315 5187 1317 5190 ¹
1614 5085 1741 5178 Coros
