4344 5648
448 240 542 352 278
705 229 1239 330 PHILOSOPHIAE
1281 225 1743 332 NATU'RALIS

232 419 420 482 nemora
448 411 548 508 08³
573 423 737 520 tempus
768 402 981 498 descensus
1004 403 1048 486 in
1076 400 1207 513 spirali
1233 401 1311 486 erit
1334 400 1387 486 ad
1415 401 1811 515 tempus-descensus
1837 407 1881 494 in
1909 411 2018 500 recle

225 504 262 563 ³⁶
264 515 415 562 ⁰⁰⁰⁰⁰⁰⁰
449 531 525 620 SP
537 534 580 618 in
602 531 748 616 eadem
764 529 829 612 illa
849 529 943 613 data
957 525 1130 623 ratione,
1157 524 1416 639 proindeque
1434 525 1568 613 datur.

503 657 629 746 Corol.
652 661 688 740 6.
718 653 760 738 Si
780 673 927 738 centro
947 650 981 733 S
994 651 1212 736 intervallis
1235 649 1397 736 duobus
1412 650 1722 766 quibuscunque
1741 655 1845 742 datis
1871 655 2020 745 deferi-

440 787 596 874 .bnntur
615 781 701 866 duo
720 779 892 874 circuli;
922 776 965 860 δι
984 775 1238 862 manentibus
1262 776 1371 860 hisce
1396 777 1572 876 circulis,
1599 799 1782 866 mutetur
1807 803 2018 897 utcunque

443 910 616 1020 angulus
639 931 765 1019 quem
790 902 939 1015 spiralis
967 900 1154 985 continet
1181 926 1277 986 cum
1300 901 1417 986 radio
1443 903 1547 988 P'S:
1584 928 1777 990 numerus
1798 910 2021 994 revolutio·

449 1035 551 1138 num
576 1058 673 1146 quas
697 1055 845 1142 corpus
865 1025 1246 1113 intra'circulorum
1270 1025 1633 1127 circumferentias,
1651 1033 1863 1142 pergendo
1883 1033 1925 1118 itt
1945 1034 2021 1145 spi·

446 1159 526 1243 rali
554 1187 576 1242 a
606 1151 937 1242 circumferentia
965 1150 1017 1236 ad
1046 1147 1436 1250 circumferentiam,
1477 1157 1687 1267 complere
1713 1157 1860 1270 potest,
1888 1156 1947 1242 est
1970 1178 2018 1243 ut

441 1281 548 1493 gf}
575 1341 656 1429 frve
680 1361 726 1431 ut
756 1363 924 1454 tangens
954 1341 1091 1454 anguli
1114 1340 1219 1428 illius
1245 1365 1371 1455 quern
1392 1339 1542 1453 spiralis
1566 1343 1752 1431 continet
1772 1369 1869 1432 curn
1900 1347 2020 1433 radin

1523 1530 1605 1612 OP

448 1595 554 1696 PS;
584 1563 745 1712 tempus
768 1623 871 1685 vero
893 1597 1200 1686 revolutionum
1215 1595 1439 1684 earundem
1457 1615 1503 1682 ut
1523 1645 1627 1744 Π,
1653 1595 1785 1697 idest,
1811 1617 1858 1684 ut
1881 1597 2019 1694 secans

448 1786 585 1897 anguli
605 1785 799 1897 ejusdem,
825 1787 893 1871 vel
910 1787 1033 1873 etiam
1051 1788 1267 1900 reciproce
1281 1804 1328 1870 ut
1351 1783 1479 1870 medii
1490 1782 1681 1870 neofitos.

508 1914 635 2000 Coror.
655 1940 691 2014 7.
718 1912 760 1997 Si
774 1938 925 2025 corpus
941 1914 985 2000 in
998 1912 1155 2012 medio,
1185 1912 1299 2022 cujnr
1317 1911 1489 1999 denlitas
1505 1909 1562 1994 est
1576 1911 1790 2023 reciproce
1804 1929 1850 1995 ut
1870 1911 2020 2003 distan-

443 2039 507 2122 tia
525 2037 715 2122 locorum
735 2064 758 2121 a
776 2057 936 2138 centro,
962 2037 1264 2126 revolutionem
1285 2037 1329 2122 in
1358 2061 1483 2122 curva
1503 2059 1748 2151 quacunque
1765 2033 1893 2118 ΑΕΒ
1909 2039 2020 2135 circa

451 2179 641 2247 centrum
660 2159 759 2246 illud
778 2159 939 2261 fecerit,
965 2157 1009 2246 δι
1026 2159 1186 2248 radium
1203 2160 1383 2274 primunr
1402 2161 1479 2245 As
1492 2159 1536 2244 in
1561 2157 1713 2245 eodem
1737 2161 1888 2270 angulo
1906 2159 2020 2250 secu·

448 2287 532 2372 erit
550 2287 593 2372 in
614 2284 656 2367 B
672 2310 757 2401 quo
777 2288 888 2399 prius
905 2286 953 2373 in
973 2289 1029 2388 A,
1053 2286 1182 2402 idque
1202 2311 1299 2372 cum
1325 2287 1547 2372 velocitate
1573 2309 1668 2399 quae
1686 2284 1810 2372 fuerit
1832 2287 1886 2371 ad
1908 2289 2020 2374 velo·

443 2411 620 2498 ,citatem
637 2408 747 2496 fuam
762 2411 935 2523 primam
954 2411 998 2497 in
1016 2409 1064 2496 A
1076 2412 1289 2522 reciproce
1316 2411 1360 2495 in
1387 2409 1666 2522 subduplicata
1691 2411 1850 2496 ratione
1873 2410 2020 2500 distan-

448 2531 643 2622 tirmma
663 2553 810 2624 centro
825 2534 894 2642 (td
913 2532 985 2636 est,
1011 2551 1058 2621 ut
1079 2535 1163 2618 At
1176 2533 1229 2620 ad
1249 2533 1427 2620 medinm
1448 2533 1800 2650 proportionalem
1817 2535 1925 2624 inter
1946 2533 2021 2624 As

454 4663 614 4776 &Bfl
635 4690 783 4782 corpus
807 4667 906 4756 illud
929 4687 1073 4782 perget
1093 4667 1325 4758 innumeros
1348 4669 1573 4766 conlimiles
1594 4669 1874 4761 revolutiones
1892 4645 2016 4770 ΒΓΕ,

454 4793 597 4892 OGD,
624 4789 705 4878 &c
732 4791 881 4896 facere,
907 4793 952 4884 δι
969 4790 1318 4940 interseciiooibus
1344 4795 1565 4942 distinguet
1588 4797 1747 4884 radium
1774 4795 1852 4886 As
1870 4796 1912 4938 in
1929 4821 2016 4906 par·

451 4932 517 5006 nes
532 4918 626 5035 AS,
653 4917 738 5020 Bt,
764 4919 840 5022 CS,
866 4920 961 5022 DS,
978 4919 1058 5008 &c
1086 4946 1282 5010 continue
1296 4923 1636 5036 proportionales.
1690 4921 2015 5008 Revoluttonum
2140 5024 2146 5069 .-

1915 5067 2016 5131 vero
2137 5072 2145 5247 ι
