4450 5674
1712 231 1767 332 tt
1873 281 1876 286 ν

392 509 1596 700 Arronnrn
1793 569 1994 628 m,

842 823 1102 935 *stru
1239 981 1242 988 γ

351 1255 356 1266 ,
536 1093 923 1226 trous
1015 1092 1468 1234 Morus.
1906 1005 1909 1012 ¹

844 1569 1143 1734 nexu

224 1852 387 1987 Corpus
421 1877 544 1943 omm
566 1835 929 1978 perseverarem
963 1836 1081 1934 iimo
1104 1843 1184 1956 siro
1211 1835 1453 1974 qoiefimdr'
1485 1835 1562 1933 vel
1581 1835 1778 1932 movendi

295 1995 567 2131 uniformiter
603 1992 648 2090 iro
683 1989 912 2114 diruiiorm,
949 1991 1035 2121 mſs
1055 2019 1266 2124 quotenus
1305 1989 1465 2088 illudo
1498 1989 1661 2089 viribus
1692 1990 1777 2088 im-

289 2154 449 2294 prefflr
479 2146 639 2280 cogitur
660 2145 824 2244 ilotrrm
870 2185 972 2244 orum
1004 2175 1190 2245 murore.

326 2421 537 2532 Rojettitia
576 2420 832 2530 perseverant
867 2423 910 2507 in
946 2421 1124 2506 motibus
1160 2421 1255 2516 stris,
1304 2419 1376 2504 nist
1410 2436 1606 2531 quatenus
1641 2446 1663 2502 a
1696 2419 1785 2502 resr-

352 2548 491 2634 stentia
522 2549 623 2632 aeris
646 2547 915 2641 retardantur,
944 2542 988 2625 dr
1013 2547 1054 2628 vi
1079 2549 1283 2655 gravitatis
1308 2547 1568 2653 impelluntur
1586 2543 1787 2628 deorsum

229 2675 445 2770 Trochus,
484 2674 595 2782 cujus
618 2695 751 2784 partes
783 2671 1032 2758 cobaerendo
1066 2695 1265 2783 perpetuo
1295 2673 1504 2758 retrahunt
1539 2670 1620 2752 sese
1647 2699 1669 2753 a
1701 2694 1790 2752 rno-

233 2803 340 2888 tibus
358 2799 585 2894 reitilineis,
620 2825 703 2882 non
724 2796 845 2884 ceffat
872 2799 1010 2894 rotari,
1043 2797 1114 2882 nist
1131 2821 1332 2911 quatenus
1360 2798 1408 2880 ab
1435 2805 1526 2880 abre
1553 2798 1790 2881 retardatur.

232 2925 394 3034 Majora
424 2941 559 3006 autem
592 2924 841 3032 planetarum
880 2922 924 3006 δι
961 2926 1214 3008 cometar'um
1245 2950 1417 3033 corpora
1451 2942 1587 3008 motus
1622 2923 1711 3008 suos
1748 2921 1791 3004 de

232 3047 503 3164 progreisrvos
528 3045 577 3138 ,δι
604 3045 818 3164 circulares
843 3049 884 3134 in
919 3045 1051 3158 spatiis
1079 3050 1211 3138 minus
1239 3047 1507 3134 resistentibus
1538 3045 1664 3133 fastos
1692 3071 1790 3131 con·

233 3175 390 3259 servant
416 3169 578 3254 diutius.
1530 3180 1534 3186 ’

852 3411 1047 3517 LEX
1118 3415 1172 3506 ΙΙ.

237 3608 537 3712 Mutationem
577 3632 711 3710 motus
740 3607 1119 3746 proportionalem
1150 3605 1235 3739 effe
1266 3606 1313 3705 vi
1354 3605 1524 3744 morrici
1560 3609 1791 3748 imprtffae‚

291 3767 352 3873 &⁴
373 3760 487 3896 fieri
498 3761 737 3883 stiormdum
760 3760 925 3862 lineam
958 3767 1126 3863 reiiom
1145 3797 1239 3897 quo
1266 3761 1332 3860 uir
1355 3763 1436 3860 illo
1460 3761 1745 3902 imprimitur.

297 4007 339 4090 Si
361 4006 419 4089 vis
451 3993 580 4116 aliqua
609 4021 769 4086 motum
799 4009 982 4116 quemvis
1004 4025 1176 4116 generet
1189 4039 1206 4101 t
1237 4007 1357 4115 dupla
1377 4005 1558 4114 duplum,
1588 4007 1703 4116 tripla
1728 4012 1798 4094 tri·

239 4137 352 4249 plum
372 4131 593 4241 generabit,
620 4127 700 4212 five
720 4128 831 4212 srmul
858 4130 901 4214 dc
928 4132 1062 4229 semel,
1092 4133 1170 4216 srve
1196 4134 1395 4242 gradatim
1422 4132 1464 4215 ἅν
1494 4131 1709 4217 succeffive
1728 4135 1802 4221 im·
1864 4159 1866 4165 ⁴
1904 4199 1907 4206 ψ

241 4255 367 4372 preffa
395 4255 530 4337 fuerit.
598 4249 653 4335 Et
681 4252 748 4334 hic
778 4274 913 4338 motus
942 4256 1160 4368 (quoniam
1188 4256 1231 4339 in
1260 4257 1430 4340 eandem
1459 4255 1614 4366 semper
1644 4259 1801 4370 plagam

243 4409 338 4468 cum
366 4380 406 4464 vi
428 4377 680 4486 generatrice
708 4377 1029 4488 determinatur)
1058 4379 1259 4490 sr-corpus
1283 4399 1400 4464 antea
1426 4381 1678 4478 movebatur,
1715 4410 1803 4486 mu,-

245 4510 304 4593 tui
328 4508 411 4614 ejus
438 4507 502 4588 vel
531 4503 775 4612 conspiranti
797 4505 975 4605 additur,
1001 4510 1066 4591 vel
1093 4509 1299 4592 contrario
1329 4507 1581 4606 subducitur,
1614 4513 1677 4594 vel
1705 4512 1803 4596 obli·

246 4659 330 4745 quo
362 4633 526 4744 oblique
557 4629 758 4738 adjicitur,
800 4631 843 4714 dr
868 4655 970 4718 :cum
998 4659 1050 4720 eo
1077 4635 1299 4722 secundum
1328 4636 1535 4750 utriusque
1562 4635 1804 4724 determina·

245 4757 402 4843 tionem
420 4757 693 4867 componitur.
802 4813 807 4820 -

1641 5011 1808 5104 LEX
