4352 5646
438 353 538 476 406
708 349 1250 447 PHILOSOPHIAE
1296 341 1760 444 NATURALl'S

235 531 282 591 ⁰2
299 531 415 590 Meum
441 527 543 611 curii
563 529 605 614 in
624 551 791 638 vapores
818 525 949 608 statim
968 523 1110 608 abiret.
1166 522 1272 607 Nam
1287 523 1358 607 lux
1376 519 1482 618 solis,
1508 522 1576 604 cui
1594 522 1703 604 calor
1720 516 2006 630 proportiona-

227 613 416 671 'sm'fflm
434 654 488 738 -lis
508 655 578 753 est,
605 654 789 765 septuplo
817 650 978 736 densior
1017 647 1144 733 estin
1173 649 1274 735 orbe
1303 649 1500 732 mercurii·
1522 673 1645 760 quam
1676 645 1782 756 apud
1815 669 1916 728 nos:
1962 641 2007 724 ἃ

432 779 742 865 thermometro
771 801 962 890 expertus
992 776 1078 861 sum
1105 775 1221 885 quod
1247 774 1438 888 septuplo
1465 775 1556 860 solis
1591 773 1715 858 aellivi
1746 772 1881 856 calore
1905 795 2010 880 aqua

436 906 597 991 ebullit.
652 904 837 989 Dubium
870 931 970 988 vero
1002 929 1086 988 non
1120 901 1177 985 est
1203 902 1303 1014 quin
1337 903 1505 985 materia
1529 899 1720 986 mercurii
1749 900 1802 982 ad
1829 899 2007 980 calorem

435 1031 798 1128 *accommodetun
834 1027 877 1110 bc
903 1049 1120 1138 propterea
1151 1026 1311 1111 densror
1338 1025 1384 1109 srt
1417 1028 1492 1109 hac
1519 1025 1675 1121 nostra;
1713 1049 1809 1108 cum
1841 1023 2009 1107 materia

440 1158 577 1240 omnis
598 1157 758 1242 densior
780 1156 832 1240 ad
864 1154 1120 1267 operationes
1149 1153 1347 1238 naturales
1372 1151 1580 1236 obeundas
1606 1147 1801 1257 majorem
1824 1150 2008 1237 calorem

439 1286 638 1398 requirat.

601 1495 1073 1596 PROPOSITIO
1113 1503 1195 1596 IX.
1278 1497 1718 1595 THEOREMA
1762 1497 1840 1592 IX.

448 1679 734 1782 Gravitatem
749 1677 971 1817 pergenda
1008 1675 1365 1822 asaperficiebus
1391 1679 1679 1814 planetarum
1708 1677 1904 1796 dearfirm
1936 1679 2009 1778 de-

519 1839 705 1956 crescere
729 1833 776 1931 in
801 1832 970 1930 ratione
992 1830 1304 1960 distantiarum
1328 1867 1357 1928 a
1381 1858 1523 1930 centra
1548 1831 1923 1968 quamproxime.

500 2074 543 2159 Si
571 2073 738 2158 materia
769 2073 939 2184 planetae
962 2075 1104 2188 quoad
1140 2075 1377 2160 densitatem
1412 2073 1626 2161 uniformis
1665 2069 1779 2170 esset,
1805 2075 2008 2164 obtineret

443 2198 536 2287 haec
557 2195 782 2308 propofitio
801 2219 1008 2282 accurate:
1038 2225 1110 2312 per
1131 2224 1248 2311 prop.
1269 2226 1439 2283 rxxrrr.
1469 2199 1535 2282 lib.
1556 2227 1592 2282 r.
1633 2195 1763 2284 Error
1782 2201 1904 2310 igitur
1927 2220 2010 2285 tan·

442 2346 513 2408 :tus
537 2321 608 2422 eil,
634 2343 807 2434 quantus
829 2322 878 2406 ab
898 2321 1129 2436 inaequabili
1148 2321 1342 2410 densitate
1363 2323 1461 2407 oriri
1481 2322 1616 2435 poffit.

664 2595 1079 2692 PRPOSITIO
1125 2599 1184 2690 X.
1280 2593 1718 2690 THEOREMA
1763 2600 1817 2690 X.

555 2777 707 2876 Motus
723 2777 1017 2915 planetarum
1037 2776 1216 2876 incaelis
1240 2773 1476 2908 diatifflme
1496 2777 1747 2898 conservari
1759 2777 1893 2914 paffe.

502 3035 546 3120 In
566 3036 720 3122 scholio
748 3035 1034 3148 propulsionis
1061 3063 1129 3122 rm.
1160 3034 1228 3120 fib.
1254 3061 1313 3118 11.
1349 3033 1550 3119 ostensum
1575 3035 1632 3120 est
1660 3034 1777 3150 quod
1804 3036 1946 3146 globus
1972 3065 2010 3121 a·

442 3189 538 3278 quae
559 3165 799 3271 congelatae,
818 3165 859 3248 in
892 3171 983 3248 abre
1009 3162 1151 3248 nostro
1178 3162 1304 3245 libere
1332 3149 1540 3245 movendo
1568 3163 1610 3246 δε
1637 3163 1933 3273 longitudinem
1953 3161 2011 3246 se-

446 3290 693 3374 midiametri
725 3289 804 3374 suae
823 3287 1108 3384 describendo,
1138 3313 1192 3372 ex
1213 3285 1428 3371 refluentia
1452 3287 1551 3372 aeris
1575 3288 1782 3372 amitteret
1803 3308 1934 3373 motus
1953 3285 2014 3370 sui

443 3434 606 3526 partem
638 3425 741 3515 alra.
806 3412 979 3497 Obtinet
1007 3433 1142 3498 autem
1172 3411 1315 3495 eadem
1347 3413 1565 3524 proportio
1604 3437 1728 3524 quam
1757 3413 2017 3524 proximem

449 3541 580 3646 globis
606 3561 817 3654 utcunque
843 3536 1062 3650 magnis&
1088 3537 1307 3623 uelocibus.
1358 3535 1448 3644 Jam
1472 3565 1572 3622 vero
1602 3537 1771 3648 globum
1794 3561 1916 3623 terrae
1944 3563 2014 3622 no

443 3665 534 3746 llrae
554 3665 783 3748 densiorem
803 3663 895 3760 effe,
923 3689 1044 3774 quam
1063 3663 1092 3746 fi
1113 3683 1224 3747 totus
1244 3690 1296 3747 ex
1324 3687 1426 3775 aqua
1445 3664 1660 3761 constaret,
1681 3665 1734 3749 src
1753 3667 1917 3773 colligo,
1973 3661 2017 3746 Si

444 3785 592 3896 globus
611 3786 729 3869 hicce
761 3805 871 3868 totus
888 3785 989 3869 ell'et
1014 3812 1178 3897 aqueus,
1207 3793 1465 3902 quaecunque
1494 3791 1645 3874 rariora
1674 3789 1796 3876 effera
1822 3811 1945 3900 quam
1972 3812 2014 3868 a·

443 3937 541 4025 qua,
582 3912 637 3995 ob
669 3913 869 3996 minorem
897 3909 1124 4020 specificam
1156 3914 1394 4021 gravitatem
1424 3915 1748 4024 emergerent&
1782 3913 2018 4024 supernata·

449 4057 553 4124 rent.
609 4033 750 4150 anue
770 4039 824 4122 de
846 4035 959 4121 causa
980 4036 1124 4147 globus
1142 4059 1299 4125 terreus
1327 4043 1438 4155 aquis
1459 4043 1644 4156 undique
1664 4037 2018 4154 coopertus,s1ra·

447 4166 532 4249 rior
566 4161 662 4248 effet
681 4189 803 4276 quarn
832 4189 947 4276 aqua,
975 4186 1206 4272 emergeret
1228 4162 1389 4263 alicubi,
1418 4163 1586 4279 &aqua
1613 4167 1746 4250 omnis
1772 4165 1870 4250 iude
1888 4159 2014 4246 deflu-

442 4313 517 4370 ens
545 4306 865 4398 congregaretur
892 4286 933 4368 in
956 4287 1125 4394 regione
1156 4287 1350 4398 opposita.
1408 4285 1463 4372 Et
1484 4316 1557 4400 par
1589 4289 1646 4373 est
1672 4290 1778 4373 ratio
1806 4309 1922 4371 tertae
1941 4309 2018 4366 no·

445 4409 538 4492 {lrae
560 4412 733 4494 maribus
761 4434 904 4519 magna
938 4436 991 4493 ex
1017 4431 1130 4520 parte
1155 4411 1432 4495 circumdatae.
1489 4411 1597 4498 Haec
1622 4413 1651 4497 sr
1679 4413 1837 4498 densior
1854 4433 1938 4494 non
1955 4407 2019 4492 el-

447 4533 521 4631 set‚
550 4554 778 4642 emergeret
801 4560 855 4616 ex
886 4533 1073 4631 maribus,
1102 4533 1288 4646 &parte
1319 4534 1375 4619 lui
1397 4563 1476 4649 pro
1506 4536 1633 4646 gradu
1659 4537 1834 4620 levitatis
1860 4553 2019 4619 extaret
2147 4565 2148 4592 ψ

403 4683 501 4742 ἐκ
526 4683 639 4769 aqua,
681 4657 858 4742 maribus
896 4657 1084 4741 omnibus
1119 4661 1160 4744 in
1193 4663 1403 4770 regionem
1441 4660 1664 4774 oppositam
1702 4659 2018 4746 confluentibus.

443 4781 608 4866 Eodem
628 4803 871 4894 argumento
895 4784 1061 4867 maculae
1084 4784 1228 4870 solares
1256 4787 1427 4870 leviores
1452 4787 1541 4871 sunt
1567 4813 1690 4898 quam
1719 4787 1891 4870 materia
1920 4783 2018 4868 luci.

444 4906 498 4992 ela
526 4907 660 4992 solaris
681 4909 750 4992 cui
786 4907 1056 5018 supernatant.
1111 4905 1166 4994 Et
1195 4909 1236 4994 in
1264 4910 1509 4997 formatione
1539 4911 1813 5024 qualicunque
1842 4909 2018 5020 planeta·

438 5059 551 5133 rum,
571 5061 625 5120 ex
637 5061 739 5151 aqua
753 5034 919 5123 materia
945 5035 1076 5122 omnis
1096 5035 1271 5147 gravior,
1299 5061 1383 5150 quo
1400 5057 1587 5148 tempore
1608 5033 1731 5122 malla
1758 5033 1890 5121 fluida
1918 5047 2021 5127 erat,
2147 5103 2148 5126 p

1826 5176 2020 5243 centrum
