4450 5674
458 185 521 263 to
717 159 1246 266 PHILOSOPHIAE
1291 164 1755 274 NATURALIS

226 331 442 410 ⁸¹¹⁰’fflt2
463 337 518 427 se.
586 335 771 424 Proinde
798 356 986 424 centrum
1007 337 1106 424 illud
1142 360 1374 427 amotuum
1411 341 1630 455 aequalibus
1662 345 1983 434 mutationibus
2024 351 2070 436 in
2175 350 2181 410 t

286 430 375 480 srva
459 481 596 578 partes
621 463 842 549 contrarias
866 459 995 560 sartis,
1027 483 1150 577 atque
1177 464 1274 550 ideo
1303 463 1353 549 ab
1380 463 1602 552 actionibus
1631 463 1780 554 horum
1806 495 2067 584 corporum
2175 448 2181 534 ἶ

455 591 566 677 inter
593 589 648 688 se,
685 613 764 675 nec
795 607 1065 698 promovetur
1097 614 1174 674 nec
1205 587 1432 675 retardatur
1470 615 1547 674 nec
1575 593 1846 679 mutationem
1885 597 2067 709 patitur
2176 650 2181 659 ·

455 715 500 800 in
526 713 630 799 statu
652 711 725 800 suo
751 713 889 827 quoad
918 731 1078 796 motum
1107 712 1172 796 vel
1202 713 1398 825 quietern.
1456 709 1500 798 ln
1534 711 1743 824 systemate
1774 737 1929 804 autem
1962 748 2067 806 cor·
2182 765 2183 772 Ν

453 867 604 954 porum
626 841 817 954 plurium,
843 841 1040 953 quoniam
1071 837 1250 924 duorum
1269 839 1506 954 quorumvis
1530 838 1633 924 inse
1653 863 1800 928 mutuo
1822 849 2064 956 agentium

452 991 675 1054 commune
683 965 888 1076 gravitatis
901 984 1090 1052 centrum
1102 964 1156 1048 ob
1169 965 1370 1052 astionem
1382 965 1490 1048 illam
1502 966 1727 1052 nullatenus
1737 988 1866 1056 mutat
1890 973 2062 1060 statum

366 1135 368 1140 ·
454 1091 604 1193 suum3
645 1091 690 1177 dc
720 1092 987 1206 reliquorum,
1026 1089 1267 1204 quibuscum
1299 1087 1403 1174 adio
1437 1090 1503 1174 illa
1529 1115 1614 1175 non
1644 1092 1883 1191 intercedit,
1930 1123 2059 1182 corn·

455 1246 583 1310 mune
615 1219 822 1332 grauitatis
847 1235 1036 1304 centrum
1070 1219 1170 1304 nihil
1195 1217 1291 1302 inde
1312 1219 1493 1329 paritum
1522 1215 1706 1306 distantia
1724 1240 1863 1306 autem
1883 1224 2058 1310 horum

457 1349 637 1436 duorum
664 1369 903 1433 centrorum
921 1344 1120 1431 dividitur
1138 1375 1161 1430 a
1181 1347 1393 1432 communi
1421 1371 1645 1458 corporum
1675 1348 1863 1434 omnium
1886 1371 2054 1438 centro
2182 1401 2183 1404 κ

455 1480 501 1564 in
527 1496 661 1589 partes
683 1477 847 1561 summis
870 1472 1059 1557 totalibus
1085 1499 1309 1584 corporum
1338 1499 1519 1587 quorum
1545 1474 1636 1559 sunt
1657 1491 1796 1560 centra
1815 1479 2053 1592 reciproce

456 1601 783 1718 proportionales
809 1635 821 1698 ς
859 1599 1040 1711 ideoque
1064 1599 1217 1684 centris
1250 1601 1326 1685 illis
1352 1599 1513 1686 duobus
1541 1599 1686 1686 statum
1719 1600 1835 1686 suum
1858 1629 2050 1692 moven·
2176 1489 2183 1718 i

457 1733 503 1819 di
533 1732 598 1818 vel
630 1725 867 1845 quiescendi
899 1725 1160 1825 servantibus,
1196 1753 1416 1814 commune
1452 1729 1638 1814 omniurn
1670 1749 1862 1814 centrum
1906 1733 2046 1817 servat
2180 1790 2181 1794 κ

455 1862 582 1950 etiarn
614 1859 757 1944 statum
776 1855 920 1940 suum:
957 1853 1212 1941 manifestum
1238 1855 1296 1940 est
1323 1857 1439 1970 quod
1466 1883 1684 1942 commune
1711 1857 1811 1944 illud
1841 1863 2044 1946 omnium

455 2010 647 2077 centrum
680 1983 736 2068 ob
765 1982 941 2067 adiones
970 1980 1161 2068 binorum
1193 2007 1415 2093 corporum
1449 1981 1556 2068 inter
1583 1983 1624 2070 se
1655 2010 1862 2099 nunquam
1900 2005 2043 2074 mutat

456 2115 603 2203 statum
634 2111 751 2197 suum
778 2107 914 2222 quoad
949 2126 1111 2193 motum
1141 2108 1185 2192 dt
1217 2107 1412 2222 quietem.
1468 2113 1512 2195 ln
1549 2109 1617 2192 tali
1646 2129 1783 2194 autern
1818 2109 2040 2222 systemate

456 2243 635 2332 astiones
677 2263 820 2324 omnes
854 2259 1077 2347 corporum
1118 2237 1223 2320 inter
1255 2234 1310 2332 se,
1344 2235 1410 2319 vel
1441 2235 1548 2321 inter
1579 2235 1672 2322 bina
1710 2235 1801 2322 sunt
1838 2265 2036 2352 corpora,
2180 2261 2181 2274 ¹

457 2371 526 2458 vel
545 2367 595 2454 ab
627 2363 849 2450 astionibus
867 2363 973 2446 inter
993 2363 1087 2447 bina
1105 2360 1369 2472 compostae,
1400 2358 1443 2444 ὅτ
1464 2383 1682 2472 propterea
1705 2369 1920 2454 communi
1943 2393 2037 2452 orn·
2180 2293 2183 2506 i

455 2499 572 2586 nium
596 2509 743 2579 centro
772 2490 1041 2574 mutationem
1066 2489 1109 2573 in
1133 2487 1233 2572 statu
1267 2505 1402 2572 motus
1435 2485 1519 2596 ejus
1550 2489 1614 2573 vel
1639 2491 1788 2603 quietis
1819 2517 2033 2608 nunquam
2180 2507 2183 2670 q

450 2625 669 2714 inducunt.
724 2618 864 2730 Quare
899 2642 998 2701 curn
1017 2634 1204 2700 centrum
1229 2613 1329 2699 illud
1361 2613 1433 2699 ubi
1463 2639 1637 2726 corpora
1655 2642 1740 2702 non
1772 2637 1898 2729 agunt
1925 2619 2032 2704 inse
2180 2613 2181 2625 '

450 2731 647 2842 invicem,
684 2744 750 2828 vel
771 2741 955 2854 quiescit,
991 2743 1055 2826 vel
1082 2739 1254 2825 inrecta
1282 2738 1413 2853 aliqua
1449 2739 1712 2850 progreditur
1737 2744 2030 2842 uniformiter,
2182 2719 2183 2808 i

452 2889 599 2988 perget
632 2866 761 2960 idern,
801 2865 1167 2952 nonobstantibus
1207 2891 1428 2976 corporum
1467 2861 1690 2952 actionibus
1725 2869 1832 2954 inter
1864 2870 1920 2971 se,
1965 2871 2029 2956 vel

453 2997 614 3107 semper
645 2986 868 3102 quiescere,
902 2988 967 3072 vel
998 2987 1155 3099 semper
1190 2990 1386 3101 progredi
1423 2986 1683 3074 uniformiter
1713 2991 1755 3075 in
1787 2990 2027 3089 diresiumr
2182 3013 2183 3022 ‘

361 3197 362 3200 a
453 3123 529 3215 nisr
546 3150 570 3207 a
587 3115 741 3205 viribus
761 3117 803 3202 in
823 3115 987 3227 systema
1008 3115 1254 3201 extrinsecus
1273 3113 1468 3228 impressrs
1484 3114 1727 3202 deturbetur
1740 3119 1794 3204 de
1814 3119 1893 3206 hoc
1912 3123 2028 3208 statu·

452 3249 527 3340 Est
544 3248 670 3359 igitur
687 3239 904 3355 systematis
924 3267 1145 3354 corporum
1166 3244 1342 3355 plurium
1362 3243 1430 3327 lex
1451 3241 1609 3344 eadem,
1644 3271 1739 3357 quae
1761 3249 1947 3355 corporis
1965 3249 2024 3331 so·

454 3375 592 3473 sitarii,
617 3368 754 3486 quoad
785 3369 1121 3480 perseverantiam
1151 3371 1193 3454 in
1223 3371 1323 3454 ssatu
1352 3390 1486 3455 motus
1510 3372 1575 3453 vel
1601 3371 1761 3480 quietis.
1816 3371 1963 3458 Motus
1983 3397 2024 3454 e-

455 3503 544 3589 nim
575 3495 846 3606 progressrvus
876 3494 944 3578 seu
973 3495 1156 3607 corporis
1184 3495 1347 3579 solitarii
1373 3493 1441 3577 seu
1475 3493 1692 3604 systematis
1719 3523 1941 3607 corporum
1971 3521 2023 3580 ex

457 3639 579 3710 motu
598 3619 729 3703 centri
748 3617 954 3726 gravitatis
981 3617 1163 3702 aestimari
1183 3617 1339 3730 semper
1368 3615 1505 3702 debet.
1613 3715 1619 3721 ι

821 3893 1517 3990 COROLLARIUM
1586 3895 1652 3994 V.

457 4087 696 4220 Corporum
718 4075 818 4174 dato
829 4075 978 4216 spatio
996 4076 1257 4200 inclufhrum
1281 4073 1414 4174 iidem
1431 4077 1533 4197 saint
1558 4101 1692 4172 motus
1716 4071 1832 4173 inter
1842 4079 1911 4202 se,
1920 4077 2022 4212 five

514 4235 715 4372 spatium
747 4226 865 4326 illud
890 4230 1097 4364 quiescat,
1129 4228 1231 4355 five
1263 4254 1490 4336 moveatur
1523 4225 1638 4326 idem
1672 4225 1949 4360 uniformiter
1972 4229 2019 4327 in

526 4383 742 4485 direffum
752 4381 854 4514 stne
878 4411 995 4481 motu
1018 4380 1238 4482 circulari.

512 4617 619 4704 Nam
635 4611 878 4701 differentiae
907 4633 1097 4720 motuum
1115 4612 1372 4698 tendentium
1396 4613 1446 4698 ad
1468 4613 1639 4699 eandem
1658 4635 1829 4723 partem,
1855 4615 1900 4701 δι
1919 4615 2018 4702 sum·

454 4766 534 4830 mae
569 4738 826 4825 tendentium
855 4736 907 4822 ad
937 4737 1171 4836 contrarias,
1208 4737 1365 4820 eedem
1397 4739 1485 4822 sunt
1518 4735 1589 4820 sub
1624 4736 1742 4820 initio
1770 4739 1812 4822 in
1845 4760 2018 4852 utroque

448 4871 546 4958 casu
575 4871 647 4977 (ex
669 4857 898 4978 hypothes)
928 4862 971 4950 tr
999 4889 1052 4952 ex
1079 4863 1139 4949 his
1166 4861 1330 4950 summis
1359 4858 1683 4952 veldifferentiis
1709 4866 1896 4952 oriuntur
1924 4893 2019 4952 coo·
