4352 5646
463 292 565 425 364
642 415 648 425 ,
728 275 1260 400 uuttosotttr'rt
1294 299 1778 408 untuuntts

281 482 448 608 mom
461 460 520 550 lis.
585 459 673 565 Vis,
714 491 793 582 qua
815 489 951 556 motus
976 493 1092 584 aquae
1119 445 1281 558 alternis
1308 473 1465 562 uicibus
1490 477 1739 566 acceleratur
1771 477 1817 566 dt
1844 483 2025 574 rentur:

462 610 542 690 tur,
569 591 627 680 est
644 594 824 682 exceffus
850 595 1044 710 ponderis
1080 623 1195 710 aquae
1221 599 1263 686 in
1287 602 1485 688 alterutro
1515 629 1634 692 crure
1661 605 1777 715 supra
1800 610 1960 720 pondus
1978 613 2023 702 in

458 717 601 815 altero,
620 717 814 834 ideoque,
837 723 910 807 ubi
934 748 1037 836 aqua
1055 722 1098 806 in
1123 749 1244 810 crure
1268 724 1352 810 KL
1377 727 1560 816 ascendit
1578 730 1629 814 ad
1652 730 1744 830 EF,
1771 731 1815 818 δι
1838 734 1882 818 in
1900 761 2023 824 crure

459 841 587 927 altero
606 840 817 932 descendit
836 846 887 931 ad
904 847 1002 947 GH,
1019 845 1078 930 vis
1097 847 1163 932 ilia
1185 848 1242 935 est
1259 851 1419 964 pondus
1439 851 1690 965 duplicatum
1707 881 1823 970 aquae
1844 857 2025 957 EABK

456 963 501 1052 dt
519 983 736 1084 propterea
767 969 890 1060 estad
917 971 1078 1088 pondus
1097 997 1213 1090 aquae
1235 969 1363 1064 totius
1385 995 1432 1064 ut
1462 977 1546 1074 ΛΕ
1564 978 1634 1067 seu
1654 979 1752 1102 PQ
1765 981 1817 1068 ad
1843 979 1928 1070 VP
1949 984 2020 1071 seu

450 2708 547 2812 PR.
591 2699 667 2812 Vis
684 2723 824 2821 etiarn,
849 2746 931 2836 que
955 2720 1117 2835 pondus
1133 2719 1186 2830 P
1204 2721 1247 2808 in
1267 2718 1365 2804 loco
1390 2719 1537 2836 quouis
1559 2655 1867 2836 thcetentur
1885 2719 1928 2806 dt
1948 2748 2013 2808 te·-

452 2850 700 2962 tardatut,in
727 2848 915 2959 cycloide
945 2853 1037 2959 (per
1061 2848 1192 2945 corol.
1224 2871 1339 2958 prop.
1371 2855 1455 2956 ut.)
1483 2845 1540 2932 est
1567 2844 1619 2931 td
1656 2845 1739 2956 ejus
1763 2848 2013 2958 pondusto·

447 2993 552 3072 turn,
578 2992 624 3056 ut
653 2971 739 3080 ejus
767 2964 951 3056 diii'antia
978 2971 1114 3086 Pila
1143 2971 1239 3055 loco
1267 2970 1410 3054 infimo
1438 2969 1494 3067 P,
1529 2967 1583 3054 ad
1611 2971 1810 3079 cycloidis
1839 2973 2011 3082 longitu-

448 3097 588 3184 dinem
622 3095 723 3180 PR.
777 3093 918 3206 Quare
946 3118 1062 3207 aquae
1088 3092 1132 3178 δε
1159 3091 1341 3206 penduli,
1370 3091 1540 3206 aequalia
1564 3089 1688 3204 spatia
1713 3092 1813 3191 ΑΕ,
1841 3095 2013 3210 PQde·

448 3223 727 3320 scribentium,
753 3221 859 3305 vires
879 3220 1074 3306 tnotrices
1095 3217 1186 3305 sunt
1216 3240 1263 3304 ut
1288 3218 1473 3330 pondera
1498 3216 1702 3304 movenda
1727 3255 1740 3317 3
1766 3217 1953 3332 ideoque,
1979 3219 2017 3303 fi·

448 3377 550 3466 aqua
578 3347 867 3461 &pendulum
893 3346 937 3430 in
965 3345 1169 3458 principio
1197 3344 1426 3458 quiescunt,
1462 3345 1568 3428 uires
1589 3343 1667 3428 iliae
1696 3344 1920 3430 movebunt
1944 3369 2013 3428 ea·

447 3477 542 3564 dent
574 3474 782 3589 aequalitet
802 3471 1055 3585 temporibus
1082 3471 1317 3585 aequtlibus,
1346 3467 1612 3582 efficientque
1628 3460 1679 3555 ut
1699 3491 1823 3556 motu
1837 3469 2013 3582 recipto

447 3628 501 3686 co
530 3600 646 3686 stmul
663 3618 757 3684 eant
781 3597 824 3680 ἃ
844 3597 1024 3682 redeant.
1081 3597 1136 3713 Q
1159 3595 1211 3679 E.
1231 3596 1294 3680 D.

503 3723 628 3810 Corol.
652 3747 685 3803 1.
723 3719 851 3827 Igitur
872 3745 988 3830 aquae
1013 3717 1266 3805 ascendentis
1291 3718 1334 3804 δε
1361 3717 1660 3818 descendentis,
1695 3717 1777 3806 fite
1801 3735 1931 3805 motus
1949 3718 2012 3804 itt·

445 3845 595 3933 tensror
613 3841 660 3927 stt
678 3842 759 3927 five
783 3839 998 3938 rentiffior,
1025 3843 1135 3927 vices
1154 3868 1297 3929 ornnes
1316 3841 1406 3930 sunt
1426 3844 1666 3930 isocitronae.

499 3969 623 4056 Corol.
645 3997 682 4052 2.
710 3964 752 4050 Si
771 3963 991 4076 longitudo
1013 3989 1130 4079 aquae
1151 3967 1277 4052 totius
1293 3968 1334 4051 in
1354 3969 1480 4052 cunali
1494 3966 1541 4052 stt
1560 3968 1710 4082 pedum
1730 3964 1920 4073 Paristen
1936 3993 2019 4049 rrmr

443 4103 516 4191 6-3:
545 4099 647 4208 aqua
670 4114 860 4204 tempore
880 4092 1026 4176 minuti
1048 4091 1166 4176 unius
1192 4089 1359 4178 secundi
1384 4092 1620 4192 descendet,
1648 4093 1692 4178 &
1712 4113 1905 4206 tempore
1937 4096 2014 4178 rni-
2140 4129 2141 4162 r

442 4222 531 4306 nuti
551 4219 714 4307 alterius
733 4214 901 4302 secundi
922 4215 1140 4314 ascenden
1169 4213 1214 4302 dt
1231 4215 1290 4303 stc
1313 4218 1510 4331 deinceps
1533 4217 1689 4304 vicibus
1709 4219 1869 4304 alternis
1883 4219 1925 4300 in
1945 4218 2010 4302 in·

443 4346 616 4432 finitum.
671 4349 775 4430 Natn
807 4341 1032 4456 pendulum
1061 4347 1212 4459 pedum
1241 4357 1310 4446 374
1343 4343 1610 4456 longitudinis
1642 4369 1828 4460 tempore
1853 4342 2019 4433 minuti
2138 4419 2139 4454 t

440 4469 557 4558 unius
577 4469 743 4566 secundi
765 4467 979 4580 oscillutur.

495 4591 621 4681 Corol.
636 4621 668 4693 3.
701 4587 832 4677 Anda
853 4613 990 4678 autent
1019 4596 1084 4680 vei
1101 4587 1303 4722 'diminuta
1321 4593 1580 4706 lungitudine
1603 4615 1736 4708 aquae,
1752 4614 1926 4704 augetur
1952 4597 2016 4692 ucl

439 4717 680 4809 diminuitur
700 4725 863 4829 ternpus
889 4719 1227 4832 reciprocationis
1243 4717 1286 4802 in
1310 4719 1577 4833 longitudinis
1588 4722 1770 4822 ..tatione
1798 4718 2015 4832 subdupli·
2136 4787 2137 4794 t

437 4862 533 4928 catii.
677 4873 682 4884 ’

1659 5088 1661 5094 ’
1728 5069 2016 5180 'tuoto-
2134 5207 2135 5248 x
