4312 5652
459 220 556 322 166
769 223 1296 330 PHILOSOPHIAE
1342 222 1797 328 NATURALIS

404 482 426 524 ⁸
532 544 1001 641 prorostrto
1037 543 1206 638 thu.
1280 543 1689 642 ruooneotn
1725 546 1953 642 xxxtrr.

447 707 701 846 Corporum
736 709 920 808 duorum
958 745 1055 846 qoae
1091 705 1258 808 viribus
1296 707 1513 844 quadrato
1547 707 1763 840 dissentire
1783 712 1880 830 suae
1910 709 2041 806 reci·

520 890 657 998 proce
682 861 1081 1000 proportionalibus
1097 867 1153 984 se
1186 887 1332 959 mutuo
1362 863 1560 984 trahunt,
1599 861 1740 996 deque
1764 857 1865 959 locis
1890 861 2036 986 dotis,

519 1012 760 1134 secondom
782 1013 910 1114 dotas
936 1011 1094 1140 tellas,
1114 1011 1229 1114 dotis
1252 1048 1351 1112 com
1368 1009 1663 1116 uelocitatibus
1686 1041 1859 1140 exeunt,
1882 1013 2038 1114 derer-

531 1202 706 1264 mrnore
739 1193 889 1266 motus.

508 1407 583 1500 Ex
614 1411 719 1500 datis
748 1438 971 1528 corporum
991 1411 1180 1500 motibus
1201 1411 1279 1500 sub
1312 1413 1448 1512 initio,
1487 1411 1608 1499 datur
1640 1411 1854 1498 uniformis
1891 1429 2032 1498 motus

460 1539 593 1626 centri
620 1541 849 1626 communis
876 1541 1095 1650 gravitatis,
1119 1560 1165 1625 ut
1188 1539 1231 1625 lic
1250 1558 1387 1626 motus
1407 1539 1536 1652 spatii,
1571 1539 1686 1652 quod
1716 1563 1916 1626 unacum
1949 1540 2033 1624 hoc

460 1683 607 1752 centro
637 1685 828 1752 movetur
857 1664 1186 1752 uniformiterin
1207 1664 1433 1764 -direllum,
1467 1689 1545 1750 nec
1577 1689 1662 1748 non
1690 1687 1914 1774 corporum
1938 1689 2034 1748 mo-

459 1808 525 1877 tus
554 1791 725 1878 initiales
754 1791 939 1902 respectu
967 1789 1083 1899 hujus
1102 1789 1228 1902 spatii
1285 1787 1431 1876 Motus
1456 1809 1595 1875 autem
1620 1785 1905 1900 subsequentes
1940 1793 2032 1898 (per

459 1917 600 2026 legum
616 1916 888 2002 vcorollarium
919 1917 1123 2029 quintum,
1161 1916 1442 2002 &theorema
1470 1913 1750 2022 novissimum)
1782 1911 1954 2024 perinde
1989 1915 2033 1998 fi-

459 2059 535 2124 unt
565 2042 608 2124 in
632 2040 713 2124 hoc
733 2040 873 2150 spatio,
899 2036 996 2123 acsi
1024 2037 1196 2151 spatium
1218 2037 1350 2154 ipsum
1378 2063 1458 2126 una
1491 2061 1588 2122 cum
1609 2037 1820 2122 communi
1851 2037 1924 2120 illo
1942 2062 2033 2145 gra·

455 2161 595 2268 uitatis
619 2185 766 2252 centro
790 2165 1030 2280 quiesceret,
1056 2163 1102 2249 ὅ(
1130 2191 1305 2278 corpora
1324 2189 1411 2250 non
1438 2163 1644 2250 traherent
1670 2164 1712 2247 se
1736 2181 1899 2258 mutuo,
1925 2163 2030 2246 sedo

454 2313 638 2400 ,corpore
671 2291 795 2376 tertio
822 2289 898 2376 fito
924 2291 968 2376 in
995 2308 1142 2376 centro
1169 2291 1241 2376 illo
1273 2288 1542 2374 traherentur.
1596 2283 1799 2397 Corporis
1824 2284 1953 2394 igitur
1981 2287 2030 2370 al.

455 2415 655 2501 -terutrius
686 2415 730 2500 in
756 2417 837 2502 hoc
863 2415 992 2527 spatio
1016 2415 1173 2513 mobili,
1206 2413 1261 2498 de
1288 2413 1384 2496 loco
1404 2409 1525 2505 dato,
1550 2406 1777 2496 secundum
1804 2408 1944 2494 datam
1972 2438 2029 2496 re·

453 2537 584 2635 uam,
620 2534 713 2620 data
737 2559 835 2619 cum
866 2541 1086 2624 velocitate
1121 2537 1322 2633 exeuntis,
1361 2530 1406 2615 ὅτ
1437 2532 1480 2618 vi
1504 2533 1732 2644 centripeta
1756 2532 1810 2616 nd
1844 2552 2029 2620 centrum

455 2661 562 2749 illud
581 2659 778 2746 tendente
790 2663 990 2772 correpti,
1017 2657 1351 2747 determinandus
1375 2653 1433 2739 est
1460 2673 1598 2742 motus
1629 2683 1701 2768 per
1726 2656 1938 2768 problema
1959 2685 2028 2744 no·

455 2811 563 2874 num
587 2785 633 2868 br
658 2783 896 2868 vicesimum
916 2782 1106 2868 sextum:
1135 2777 1412 2866 &habebitur
1439 2778 1554 2864 simul
1573 2798 1709 2864 motus
1730 2781 1917 2892 corporis
1936 2783 2026 2866 alte.

456 2911 545 2996 rius
574 2910 731 2992 circum
759 2907 871 2991 idem
896 2927 1097 2992 centrum.
1155 2905 1274 2992 :Cum
1295 2905 1381 2990 hoc
1401 2923 1520 2990 motu
1538 2905 1850 3018 componendus
1869 2907 1928 2992 est
1945 2909 2029 2992 uni·

458 3030 607 3118 sonnis
637 3030 706 3113 ille
735 3025 952 3140 systematis
990 3029 1105 3142 spatii
1135 3027 1180 3114 u
1217 3051 1443 3141 corporum
1469 3029 1514 3114 in
1541 3054 1595 3114 eo
1627 3030 1858 3142 gyrmtium
1891 3047 2031 3114 motus

457 3149 735 3268 progresfivus
764 3153 883 3263 supra
907 3154 1110 3254 inventus,
1137 3150 1413 3240 &habebitur
1432 3171 1569 3240 motus
1587 3151 1788 3242 absolutus
1802 3175 2031 3265 corporum

456 3281 506 3370 in
526 3279 655 3396 spado
674 3277 889 3366 immobili.
943 3277 1123 3396 Qui

570 3553 1039 3652 PROPOSITIO
1075 3553 1256 3656 LXIV.
1329 3554 1744 3654 PROBLEMA
1815 3553 1925 3650 XL.

462 3726 649 3840 Viribus
681 3731 834 3866 quibus
866 3760 1048 3871 corporo
1069 3739 1123 3856 se
1145 3713 1290 3831 mutuo
1324 3735 1508 3834 trahunt
1542 3731 1821 3858 crescentibus
1856 3731 1905 3831 in
1912 3729 2025 3864 fim-

526 3885 640 4026 plici
661 3885 833 3987 ratione
853 3886 1160 4020 doflontiarum
1184 3925 1214 3986 a
1237 3887 1432 3988 centris:
1466 3887 1757 4024 requiruntur
1771 3915 1909 3990 motus
1921 3887 2027 4028 plo·

531 4041 653 4142 riom
670 4069 909 4180 *corporum¹
924 4039 1040 4143 inter
1050 4048 1120 4163 se.

517 4301 727 4388 Ponuntur
759 4303 893 4412 primo
918 4325 1093 4412 corpora
1122 4301 1208 4386 duo
1228 4299 1323 4388 T&
1344 4299 1385 4384 L
1402 4325 1624 4386 commune
1649 4299 1838 4388 habentia
1859 4300 2029 4410 gratita
2124 4295 2125 4336 ³

466 4428 517 4510 tis
543 4448 731 4513 centrum
756 4429 823 4510 ⁴1).
877 4423 1119 4510 Describent
1145 4427 1233 4508 haec
1262 4432 1354 4537 (per
1381 4426 1640 4509 corollarium
1669 4426 1846 4536 primum
1866 4425 2031 4507 theore-

466 4555 583 4640 matis
602 4562 715 4666 xxr.)
747 4551 901 4662 ellipses
936 4572 1076 4637 centra
1109 4551 1302 4638 habentes
1331 4551 1374 4638 in
1406 4551 1471 4650 D,
1505 4576 1676 4664 quarum
1705 4548 1953 4664 magnitudo
1984 4569 2032 4633 ex

462 4680 715 4796 problemate
734 4705 771 4761 v.
800 4678 1030 4762 innotescit.
1461 4697 1464 4704 ·

518 4807 673 4890 Trahat
693 4803 773 4911 jam
802 4828 949 4912 corpus
976 4801 1142 4886 tertium
1168 4799 1351 4911 Spriora
1371 4800 1456 4886 duo
1475 4799 1574 4886 T&
1593 4799 1634 4884 L
1653 4801 1805 4888 viribus
1829 4799 2031 4886 accelera·

457 4933 628 5022 uicibus
656 4928 687 5012 S
693 4929 739 5028 T,
761 4925 800 5012 S
807 4924 858 5027 L,
887 4923 930 5010 u
948 4925 998 5011 ab
1018 4925 1108 5039 iplis
1126 4923 1297 5012 vicissirn
1326 4927 1516 5012 trahatur.
1571 4923 1647 5013 Vis
1677 4923 1758 5014 ST
1773 4922 1872 5037 (per
1891 4925 2031 5123 legutln

1890 5067 1999 5133 coro
2019 5102 2030 5124 .
