4344 5648
386 333 514 432 *350
680 299 947 398 PHILOS
962 303 1217 402 OPHIAE
1263 293 1723 398 NATURALI'S

200 470 395 610 443440το
418 471 573 584 proprii
607 495 692 585 quo
722 469 972 557 descendere
1004 469 1205 556 deberet.
1240 461 1303 558 81
1312 496 1389 583 pro
1418 469 1572 577 majore
1598 469 1664 554 vel
1692 467 1853 558 minore
1873 474 2001 563 oscil-

265 568 393 614 ΗΘΜ
419 599 584 694 latione,
628 599 755 706 magis
787 597 852 682 vel
884 604 1016 681 minus
1058 595 1299 682 retardatur.
1368 595 1608 708 Quinetiam
1651 597 1797 704 globus
1830 599 2002 690 recedit

419 720 578 834 semper
601 722 766 804 alatere
793 720 864 805 suo
897 718 1013 831 quod
1042 745 1115 832 pet
1146 721 1441 806 oscillationem
1464 718 1691 818 descendit,
1719 720 1764 806 &
1794 727 2002 812 receden-

419 845 483 930 do
510 847 807 960 appropinquat
840 843 1030 927 lateribus
1063 844 1158 928 vafis
1186 841 1229 926 dt
1255 846 1297 929 in
1330 846 1454 929 latera
1482 869 1775 956 nonnunquam
1802 848 2001 960 impingi·

423 977 506 1054 tur.
562 967 617 1054 Et
640 973 728 1056 haec
761 967 956 1054 oscillatio
987 969 1030 1053 in
1058 968 1188 1078 globis
1214 968 1468 1079 gravioribus
1492 967 1641 1052 sortior
1673 969 1743 1068 est,
1771 968 1816 1053 sc
1842 973 1887 1058 in
1910 1001 1999 1062 tna·

423 1092 578 1202 joribus
609 1121 754 1209 aquam
785 1093 912 1202 magis
945 1091 1082 1200 agitat.
1147 1090 1425 1206 Quapropter,
1458 1111 1505 1176 ut
1541 1093 1737 1178 oscillatio
1772 1098 1999 1205 globorum

427 1221 562 1304 minor
583 1219 842 1316 redderetur,
872 1215 1015 1326 globos
1037 1243 1165 1302 novos
1185 1244 1239 1302 ex
1262 1215 1421 1302 cera&
1452 1217 1622 1327 plumbo
1653 1219 1875 1322 conllruxi,
1902 1227 1996 1310 insi·

422 1345 567 1452 gendo
598 1346 811 1459 plumbum
836 1346 878 1429 in
905 1344 1005 1428 latus
1033 1343 1197 1457 aliquod
1221 1343 1333 1452 globi
1360 1367 1492 1454 prope
1515 1343 1773 1456 superficiem
1805 1346 1921 1456 ejus;
1951 1351 1996 1436 &

422 1471 597 1588 globum
626 1474 681 1556 ita
703 1471 857 1568 demifi,
885 1486 931 1552 ut
961 1469 1063 1553 latus
1089 1471 1262 1578 gravius,
1298 1469 1435 1582 quoad
1468 1467 1557 1554 lieri
1584 1471 1734 1582 potuit,
1775 1473 1872 1558 esset
1902 1475 1996 1560 inli-

424 1619 538 1683 mum
560 1597 609 1682 ab
636 1599 753 1682 initio
779 1593 1003 1680 descensus.
1058 1595 1125 1680 Sic
1152 1595 1419 1680 oscillationes
1443 1593 1557 1678 saslae
1585 1595 1676 1681 sunt
1706 1601 1838 1683 multo
1860 1601 1995 1687 mino·

421 1748 486 1806 res
506 1747 627 1835 quam
655 1723 779 1834 prius,
808 1718 982 1828 &globi
1012 1719 1268 1830 temporibus
1294 1716 1426 1804 'minus
1448 1718 1712 1832 inaequalibus
1734 1721 1991 1824 cecideruut,

420 1867 467 1932 ut
488 1849 529 1932 in
552 1843 845 1960 experimentis
864 1843 1135 1954 sequentibus.

420 1985 424 1992 ·
478 1967 635 2078 Exper.
658 1967 693 2050 8.
721 1964 849 2050 Globi
869 1985 1060 2078 quatuor,
1084 1965 1270 2078 pondere
1296 1991 1517 2077 granorum
1542 1995 1612 2073 139
1632 1967 1675 2053 in
1702 1995 1797 2056 aere
1817 1969 1861 2054 &
1883 1975 1992 2064 64111

419 2119 539 2208 aqua,
570 2093 675 2204 saepe
706 2089 879 2188 demillr,
908 2091 1149 2178 ceciderunt
1185 2091 1436 2204 temporibus
1466 2091 1761 2180 oscillationum
1795 2123 1880 2184 non
1905 2103 1994 2211 plu-

422 2219 530 2306 rium
555 2245 679 2335 quam
701 2245 766 2323 52,
793 2242 877 2302 non
896 2215 1135 2328 pauciorum
1155 2243 1277 2331 quam
1304 2245 1369 2320 50,
1395 2215 1439 2300 &
1469 2219 1644 2302 maxima
1672 2244 1726 2305 ex
1752 2245 1867 2333 parte
1890 2245 1993 2312 tem·

409 2359 525 2458 'pore
556 2347 852 2434 oscillationum
876 2370 922 2447 51
955 2343 1137 2443 circiter,
1164 2342 1439 2428 describentes
1472 2343 1731 2464 altitudinem
1766 2348 1992 2462 digitorum

426 2467 515 2552 182.

478 2592 560 2680 Per
588 2592 790 2678 theoriam
815 2591 963 2677 cadere
991 2591 1223 2680 debuerunt
1252 2613 1440 2706 tempore
1470 2593 1762 2683 oscillationum
1795 2625 1843 2706 52
1869 2599 1994 2688 circi·

422 2735 500 2804 ter.

481 2843 639 2954 Exper
672 2876 710 2954 9.
753 2845 883 2930 Globi
919 2864 1110 2958 quatuor,
1142 2845 1328 2958 pondere
1368 2804 1588 2956 granorum
1613 2855 1714 2952 1734
1749 2853 1792 2939 in
1828 2883 1920 2943 aere
1949 2859 1991 2946 dc

428 2979 528 3080 1414
557 2973 600 3056 in
629 2996 743 3084 aqua,
769 2969 909 3080 saepius
936 2967 1110 3068 demisfi,
1137 2971 1379 3058 ceciderunt
1410 2973 1663 3084 temporibus
1697 2975 1992 3071 oscillationum

425 3128 511 3188 non
541 3101 784 3214 pauciorum
812 3121 935 3211 quam
973 3123 1034 3197 12,
1061 3123 1146 3184 non
1173 3100 1351 3211 plurium
1382 3124 1504 3213 quam
1542 3126 1605 3200 13,
1642 3099 1917 3196 describentes
1941 3113 1995 3195 al·

425 3224 649 3311 titudinem
669 3222 897 3332 digitorum
926 3219 1013 3304 182.

482 3358 559 3439 Per
582 3351 783 3436 theoriam
806 3373 908 3433 vero
933 3347 976 3432 hi
996 3347 1107 3462 globi
1130 3350 1280 3437 cadere
1306 3348 1539 3435 debuerunt
1564 3369 1753 3462 tempore
1784 3355 1997 3445 oscillatio-

426 3505 526 3572 num
551 3489 619 3581 114
640 3475 965 3594 quamproxime.
2031 3595 2034 3599 ι
2144 3567 2145 3592 .

482 3603 641 3714 Exper.
679 3633 740 3689 10.
787 3601 917 3687 Globi
949 3624 1141 3713 quatuor,
1168 3602 1354 3714 pondere
1394 3625 1615 3710 granorum
1647 3605 1724 3713 384
1751 3607 1795 3693 in
1828 3635 1921 3694 aere
1956 3607 2000 3694 &
2048 3679 2054 3688 .

430 3743 528 3840 1194
548 3732 591 3813 in
616 3754 732 3842 aqua,
760 3729 862 3837 saepe
893 3725 1066 3826 demissi,
1094 3728 1294 3816 cadebant
1313 3731 1565 3842 temporibus
1594 3732 1888 3818 oscillationum
1911 3743 2002 3834 172,
2144 3759 2145 3804 l

430 3859 496 3957 1,8
531 3855 600 3944 18
632 3855 676 3938 &
709 3884 770 3962 19,
812 3854 1087 3939 describentes
1124 3857 1382 3945 altitudinem
1410 3857 1781 3970 ἀὶςί101111111814.
1838 3856 1895 3944 Et
1925 3861 1997 3948 ubi

428 3979 672 4068 ceciderunt
699 4000 886 4092 tempore
906 3977 1202 4066 oscillationum
1224 4011 1285 4090 19,
1312 4008 1603 4098 nonnunquam
1625 3984 1763 4070 audivi
1782 3983 1998 4096 impulsum

429 4133 576 4196 eorum
604 4107 647 4190 in
673 4107 797 4190 latera
821 4101 919 4189 vasis
945 4125 1162 4222 antequam
1188 4109 1240 4194 ad
1265 4107 1440 4194 fundum
1466 4131 1755 4221 pervenerunt.

485 4235 565 4320 Per
592 4231 794 4318 theoriam
821 4257 921 4318 vero
950 4234 1098 4321 cadere
1128 4233 1361 4323 debuerunt
1388 4257 1577 4349 tempore
1603 4237 1897 4325 oscillationum
1923 4243 1997 4344 134
2144 4287 2145 4298 .

430 4381 755 4470 quamproxrme.

487 4481 644 4650 ⁹Eacpar
676 4511 734 4567 11.
761 4481 891 4569 Globi
912 4503 993 4571 tres
1019 4490 1207 4600 aequales,
1234 4488 1419 4602 pondere
1445 4511 1665 4599 granorum
1694 4489 1788 4596 48
1776 4483 1999 4575 maere&

433 4605 699 4736 3441119411,
730 4605 834 4718 saepe
860 4605 1033 4705 demiffi,
1065 4611 1304 4698 ceciderunt
1324 4613 1576 4724 temporibus
1595 4612 1997 4719 oscillationum43÷,

432 4762 500 4837 441
518 4741 609 4837 443,
628 4759 678 4835 45
695 4729 736 4814 &
757 4741 825 4838 46,
852 4730 896 4815 &
918 4737 1091 4822 maxima
1114 4765 1168 4822 ex
1190 4759 1304 4878 parte
1326 4771 1379 4850 44
1405 4739 1448 4824 &
1477 4768 1543 4848 452
1569 4735 1846 4827 describentes
1869 4733 1996 4819 altitu·

431 4853 574 4940 dinem
596 4855 822 4970 digitorum
847 4855 944 4942 1814
898 4861 1287 4980 23quamptoxime.

1924 5110 1998 5190 Pet
