4336 5656
212 425 268 492 Dt
285 423 405 492 Isura

217 517 395 578 &atauus

431 241 529 344 106
686 241 1212 404 PHILOSOPHIAE
1256 235 1721 342 NATURALIS
1810 263 1822 274 ·

874 531 1081 650 LE=M
1117 535 1173 624 M
1209 532 1253 623 A
1325 523 1547 620 XXVIII.

432 719 575 826 Nulla
599 743 720 821 extat
732 713 892 852 figura
918 715 1052 814 uvalis
1080 717 1193 844 cajus
1216 745 1343 832 area,
1368 705 1494 806 ressis
1512 737 1597 844 pro
1623 705 1759 806 lubitu
1788 707 2017 844 absciffla‚

492 873 626 1011 poffit
650 901 739 1008 per
772 867 1032 1006 aeqrrntiones
1065 901 1241 964 numero
1275 859 1563 960 terminorum
1595 897 1649 958 ac
1682 860 2018 990 dimenfianum

489 1023 653 1158 finitas
678 1023 946 1159 generaliter
982 1015 1187 1158 inveniri.

984 1169 995 1204 6

491 1267 598 1355 Intra
623 1271 781 1354 ovalem
803 1268 923 1352 detur
951 1262 1143 1377 pundum
1168 1259 1357 1375 quodvis,
1383 1258 1491 1342 circa
1512 1259 1626 1369 quod
1653 1285 1730 1344 ceu
1758 1263 1903 1372 polum
1938 1294 2012 1351 re.

433 1395 617 1478 volvatur
648 1413 849 1506 perpetuo
879 1392 982 1474 linea
1010 1385 1131 1484 resla,
1170 1383 1363 1470 uniformi
1393 1408 1488 1467 cum
1521 1405 1651 1481 motu,
1693 1383 1736 1466 dt
1769 1387 1930 1484 interea
1961 1393 2008 1475 in

435 1517 543 1606 resia
563 1523 629 1603 illa
652 1543 769 1604 exeat
799 1513 990 1627 pundum
1018 1513 1169 1598 mobile
1194 1511 1247 1596 de
1273 1510 1384 1620 polo,
1410 1531 1633 1620 pergatque
1651 1511 1807 1622 semper
1832 1543 1883 1599 ea
1903 1545 2012 1602 cum

437 1645 668 1742 velocitate,
702 1669 793 1757 quae
822 1641 866 1724 lit
900 1663 943 1722 ut
977 1639 1095 1722 rellae
1128 1637 1229 1720 illius
1259 1638 1364 1718 intra
1395 1635 1552 1718 ovalem
1583 1637 1837 1746 quadratum.
1898 1639 2010 1726 Hoc

436 1789 555 1856 motu
588 1769 782 1878 punctum
811 1767 909 1852 illud
938 1764 1138 1850 describet
1168 1761 1349 1874 spitalem
1378 1759 1485 1870 gyris
1509 1761 1685 1846 infinitis.
1737 1763 1827 1872 jam
1846 1766 1875 1850 st
1897 1797 2008 1854 areae

389 1973 392 1980 Α
435 1899 561 1982 ovalis
589 1925 612 1980 a
638 1899 748 1980 reda
772 1896 836 1978 illa
865 1887 1038 1976 abscissae
1065 1889 1204 2002 portio
1232 1912 1304 1996 per
1331 1885 1484 1970 finitam
1519 1892 1791 2000 aquationem
1823 1895 2008 1980 inveniri

436 2019 583 2136 potest,
610 2018 837 2102 invenIetur
866 2017 987 2100 ctiam
1015 2038 1087 2124 per
1105 2011 1277 2094 eandem
1308 2011 1579 2122 aequationem
1604 2012 1788 2100 dillantIa
1815 2017 1962 2126 puoeii
1983 2047 2010 2102 a

439 2142 553 2252 polo,
580 2166 672 2253 quae
692 2142 787 2224 huic
807 2165 908 2224 areae
928 2135 1238 2248 proportionalis
1266 2132 1334 2228 est,
1362 2133 1540 2246 ideoque
1568 2137 1703 2220 omnia
1731 2137 1881 2262 spiralis
1900 2167 2005 2254 pun·

440 2269 504 2354 &a
524 2295 596 2380 per
616 2270 886 2382 aequationem
905 2265 1058 2349 finitam
1076 2261 1247 2348 inveniri
1274 2255 1458 2372 possunt:
1488 2259 1531 2344 dt
1555 2285 1772 2374 propterea
1790 2271 1915 2350 redae
1937 2296 2007 2354 cu·

435 2389 556 2499 jusvis
573 2393 770 2504 posnione
789 2391 893 2473 datae
919 2387 1148 2472 intersefflo
1171 2411 1265 2470 cum
1296 2385 1424 2494 spirali
1443 2387 1615 2472 inveniri
1636 2397 1756 2474 etiam
1779 2393 1913 2499 potelI
1933 2418 2006 2502 per
2122 2456 2128 2485 .

328 2623 335 2630 .
442 2517 712 2630 aequationem
738 2514 904 2596 finitam.
962 2511 1091 2622 Atqui
1120 2509 1226 2592 recta
1259 2509 1389 2592 omnis
1415 2507 1571 2592 infinite
1596 2511 1793 2621 produsia
1818 2513 2006 2624 spiralem
2118 2526 2123 2543 '

441 2639 547 2728 secat
566 2641 606 2726 in
635 2635 791 2755 pondis
816 2663 988 2722 numero
1017 2635 1191 2730 infinitis,
1219 2631 1261 2716 dt
1294 2635 1483 2746 aequatio,
1508 2661 1587 2746 qua
1615 2637 1845 2724 interfectio
1872 2643 2006 2756 aliqua

443 2769 614 2856 duarum
655 2769 849 2851 liuearum
891 2763 1108 2859 iuvenitur,
1155 2759 1320 2844 exhibet
1352 2786 1489 2846 earum
1523 2762 1824 2854 Intersesbiones
1861 2794 2006 2854 omnes
2135 2830 2136 2858 .

443 2896 645 2980 radicibus
675 2893 863 2988 totidem,
898 2890 1075 3002 ideoque
1105 2888 1282 2973 ascendit
1318 2885 1366 2970 ad
1399 2910 1461 2972 tot
1488 2889 1758 2979 dimensiones
1778 2917 1883 3005 quot
1916 2895 2006 2982 sunt

442 3017 757 3104 interfectiones.
826 3017 1033 3126 Quoniam
1067 3015 1208 3097 circuli
1245 3011 1329 3095 duo
1357 3013 1395 3096 se
1436 3035 1581 3098 mutuo
1607 3016 1741 3102 secant
1774 3019 1816 3104 itt
1847 3017 2009 3130 ponetis
2135 3067 2136 3074 Ν

440 3145 618 3242 duobus,
645 3140 874 3229 intersedio
898 3167 976 3224 una
996 3165 1076 3224 non
1103 3141 1330 3226 invenietur
1357 3139 1427 3224 nist
1447 3167 1518 3253 per
1539 3143 1810 3253 aequationcm
1830 3144 2008 3229 duarum

443 3267 753 3363 dimenfionum,
793 3295 872 3379 qua
908 3262 1137 3350 interfectio
1171 3269 1293 3350 altera
1331 3266 1454 3350 etiam
1488 3269 1726 3350 Inveniatur.
1797 3271 2008 3384 Quoniam

441 3400 613 3486 duarum
646 3397 866 3482 sessionum
907 3393 1138 3502 conicarum
1170 3413 1345 3505 quatuor
1380 3387 1460 3476 esse
1494 3391 1652 3506 polluut
1693 3395 2012 3494 interseslioues,
2129 3414 2136 3508 J

444 3552 527 3612 non
556 3519 688 3632 potest
713 3521 842 3630 aliqua
870 3542 1009 3600 earum
1042 3517 1281 3624 generaliter
1317 3517 1488 3600 inveniti
1527 3517 1597 3602 nist
1631 3521 2009 3634 peraequationem
2135 3543 2136 3546 ‘

445 3665 619 3759 quatuor
646 3643 958 3737 dimensionum,
985 3667 1063 3752 qua
1086 3665 1226 3724 omnes
1253 3640 1363 3724 simul
1389 3642 1654 3728 inveniantur.
1710 3645 1816 3730 Nam
1839 3645 1866 3730 st
1886 3647 2011 3731 inter·
2135 3683 2136 3712 ι

446 3771 642 3858 sessiones
674 3769 750 3849 illae
784 3765 943 3850 seorstm
972 3785 1216 3877 quaerantur,
1254 3769 1446 3879 quoniam
1474 3769 1615 3854 eadem
1641 3771 1697 3854 esl
1726 3774 1913 3860 omnium
1945 3776 2010 3858 lex

445 3897 492 3982 dt
519 3895 718 3988 conditIo,
747 3891 855 3976 idem
879 3891 955 3972 erit
982 3892 1156 3973 calculus
1184 3893 1224 3975 in
1243 3895 1334 3978 casu
1353 3921 1619 4008 unoquoque,
1644 3894 1686 3980 &
1712 3921 1930 4008 propterea
1949 3926 2010 3984 ea·

447 4025 544 4111 dem
573 4022 728 4128 semper
755 4015 971 4112 concluso,
1001 4041 1092 4128 quae
1114 4017 1236 4126 Igitur
1264 4019 1386 4104 debet
1417 4047 1558 4106 omnes
1577 4021 1879 4109 interfectiones
1899 4024 2013 4112 stmul
2135 4123 2136 4128 p

448 4147 665 4261 complesti
698 4143 737 4225 dc
772 4141 1051 4227 indifferenter
1090 4145 1293 4228 exhibere.
1369 4144 1491 4229 Unde
1540 4147 1662 4232 etiam
1707 4149 2013 4238 interfectiones

446 4274 669 4362 sessionum
721 4271 953 4350 tunicarum
999 4267 1040 4349 &
1095 4295 1309 4354 curvarum
1354 4273 1485 4353 tertiae
1530 4271 1749 4380 potestatis,
1805 4300 1858 4357 eo
1895 4277 2012 4386 quod

449 4403 519 4487 sex
541 4397 617 4482 elle
647 4390 819 4506 possunt,
854 4395 966 4476 simul
998 4397 1203 4504 prodeunt
1232 4421 1303 4504 per
1331 4400 1577 4505 aequationes
1606 4399 1675 4482 sex
1702 4399 2015 4500 dimensionum,

450 4525 494 4610 ἃ
516 4518 814 4608 intersetliones
835 4521 1004 4603 duarum
1025 4549 1237 4605 curvarum
1261 4523 1389 4604 tertiae
1409 4523 1626 4632 potestatis,
1649 4525 1744 4637 quia
1762 4553 1913 4611 novem
1933 4524 2015 4611 esse

449 4649 626 4764 possunt,
662 4647 773 4728 stmul
804 4646 1009 4754 prodeunt
1042 4673 1115 4756 per
1143 4649 1388 4758 aequatiottes
1422 4649 1718 4734 dImenstonum
1749 4679 1911 4737 novem.
1969 4653 2014 4736 Id

450 4777 521 4861 nist
547 4768 764 4859 necessario
793 4771 921 4864 ficret,
958 4773 1156 4855 reducere
1189 4775 1328 4854 liceret
1361 4775 1609 4881 problemata
1640 4779 1774 4860 omnia
1806 4778 1932 4863 solida
1963 4779 2014 4861 ad
2135 4803 2136 4812 ¹

447 4903 577 5020 plana,
605 4893 647 4977 dt
670 4891 876 5006 plusquam
896 4891 1020 4976 solida
1040 4893 1089 4976 ad
1108 4893 1244 4978 solida.
1299 4893 1472 5004 Loquor
1496 4897 1561 4980 bic
1590 4898 1643 4982 de
1664 4901 1796 4984 curvIs
1814 4899 2013 5013 potestate

1913 5026 2013 5110 itre-
