4352 5646
460 303 560 402 394
723 271 1757 378 effltosooureotaruuatto

250 440 298 504 Dr
315 441 388 502 Mur¹

245 520 308 582 Sta·
307 539 430 584 [[[[[[

823 597 1526 694 PHAENOMENON
1598 593 1664 695 V.

457 769 674 872 Plooetos
688 775 948 914 primarios,
984 775 1122 873 radiis
1154 777 1222 876 od
1237 805 1407 876 terram
1431 773 1585 898 tortis,
1625 811 1755 872 oreos
1785 771 2038 894 describere·

524 929 786 1062 temporibus
805 929 986 1028 minime
999 928 1345 1068 proportionales
1364 983 1381 1054 5
1405 957 1454 1026 ot
1476 927 1615 1028 radiis
1632 927 1699 1027 od
1704 926 1844 1048 solem
1865 927 2025 1053 doctis,

526 1120 652 1181 oreos
677 1084 938 1222 temporibus
952 1082 1303 1222 proportionales
1322 1112 1603 1224 percurrere.

510 1315 616 1401 Nam
648 1312 830 1425 respeslu
861 1335 981 1398 terrae
1011 1341 1120 1400 nunc
1154 1313 1490 1426 progrediuntur,
1525 1339 1634 1398 nunc
1665 1312 1885 1397 stationarii
1921 1313 2028 1428 sunt,

456 1441 707 1528 nuncetiam
728 1441 1041 1552 regrediuntur:
1084 1444 1143 1524 At
1172 1441 1260 1526 solis
1291 1439 1474 1549 respeslu
1500 1439 1658 1550 semper
1689 1439 2027 1550 progrediuntur,

456 1567 581 1680 idque
608 1568 922 1678 propemodum¹
939 1565 1133 1654 uniformi
1161 1591 1257 1652 cum
1285 1587 1417 1663 motu,
1444 1563 1514 1651 sed
1543 1565 1663 1676 paulo
1692 1565 1863 1649 celerius
1890 1587 2023 1656 tamen

456 1693 498 1775 in
518 1693 721 1800 periheliis
749 1721 795 1780 ac
828 1692 980 1778 tardius
1008 1693 1049 1778 in
1077 1691 1255 1805 apheliis‚
1281 1687 1336 1776 sic
1363 1713 1407 1774 ut
1438 1717 1622 1777 arearum
1649 1690 1855 1802 aequabilis
1880 1691 1926 1776 srt
1953 1695 2023 1781 de-

457 1813 635 1926 scriptio.
706 1819 937 1931 Proposrtio
964 1819 1021 1902 est
1053 1819 1286 1904 astronomis
1320 1817 1551 1916 notissima.
1571 1817 1615 1901 ἃ
1641 1818 1683 1900 in
1713 1816 1810 1923 jove
1841 1822 2025 1931 apprime

458 1939 756 2028 demonstratur
784 1971 858 2054 per
893 1945 1058 2057 eclipses
1088 1945 1317 2042 satellitum,
1357 1945 1504 2056 quibus
1531 1941 1742 2055 eclipsibus
1768 1941 2021 2030 heliocentri·

458 2091 524 2148 cas
543 2069 717 2177 planetae,
730 2068 846 2178 hujus
868 2069 1144 2181 longitudines
1171 2068 1214 2154 ἃς
1243 2069 1443 2158 distantias
1476 2096 1498 2154 a
1528 2068 1610 2155 sole
1640 2065 1905 2154 determinari
1922 2067 2020 2156 dlxii

456 2211 559 2276 mus.

735 2434 737 2438 ’
812 2413 1075 2514 ΡΗΛΈΝ
1102 2412 1505 2507 ΟΜἙΝὈΝ
1576 2409 1663 2510 Vl:

454 2583 639 2689 Lunam
661 2591 786 2692 rodio
811 2590 878 2690 od
893 2617 1088 2688 centrum
1115 2618 1244 2690 terra
1271 2587 1412 2714 totto,
1444 2625 1599 2687 aream
1622 2583 1803 2725 tempori
1821 2611 2020 2724 proporr-
2148 2729 2149 2738 Ν

1000 2743 1207 2842 tionolem
1230 2741 1483 2865 describeres

511 2972 629 3057 Patet
650 2999 703 3058 ex
721 2971 826 3058 lunae
846 2991 962 3058 ruotu
983 2991 1201 3084 apparente
1219 2997 1315 3058 cum
1336 2973 1455 3086 ipsus
1480 2973 1681 3060 diametro
1701 2989 1920 3085 apparente
1937 2973 2015 3055 col·

456 3098 550 3182 lat0.
610 3097 1037 3185 Perturbaturautem
1068 3117 1202 3182 motus
1221 3099 1369 3184 lunaris
1395 3099 1685 3210 aliquantulum
1712 3125 1734 3180 a
1756 3096 1797 3180 vi
1824 3095 1925 3192 solis,
1947 3088 2025 3176 sed2

458 3247 644 3310 errorum
672 3221 922 3313 insenfibiles·
934 3221 1122 3312 minutias
1150 3221 1193 3310 iu
1209 3220 1319 3309 hisce
1355 3219 1634 3336 phoenomenis
1662 3218 1842 3332 negligo.
