4312 5652
475 223 570 332 176
747 218 1282 316 PHILOSOPHIAE
1329 213 1794 315 NATURALlS

258 393 311 453 ¹³2
327 395 445 453 Motu
531 391 658 474 Coros.
686 389 720 471 8.
764 387 874 473 Cum
902 406 1038 473 autent
1066 387 1242 499 pendeat
1277 385 1458 498 apsidum
1493 386 1719 498 progressus
1745 387 1813 470 rel
1844 385 2063 494 regressus

257 475 436 536 ⁶⁰⁸⁹⁰¹⁰¹¹
473 545 496 600 a
520 514 789 598 decremento
814 511 876 596 vis
901 512 1141 621 centripetae
1172 513 1280 596 sado
1306 513 1348 598 in
1382 511 1524 619 majori
1555 515 1621 596 vel
1649 511 1798 598 minori
1824 534 1957 622 quam
1982 510 2066 594 du·

472 640 619 750 plicata
647 637 805 720 ratione
837 633 1032 720 distantiae
1061 635 1165 733 TP,
1191 637 1233 721 in
1260 635 1424 722 transitu
1450 637 1635 747 corporis
1664 637 1714 720 ab
1739 632 1874 745 apsrde
1892 633 1988 716 ima
2012 633 2063 716 ad

472 763 650 873 apsidem
670 760 900 860 summam;
926 781 972 842 ut
998 757 1041 842 &
1070 786 1094 842 a
1123 757 1238 844 futtili
1266 761 1522 845 incremento
1552 762 1594 846 in
1625 758 1763 844 reditu
1792 755 1845 838 ad
1866 755 2062 865 apsrdern

471 888 625 983 imam;
663 905 784 997 atque
812 885 909 968 ideo
936 883 1134 968 maximus
1160 885 1207 970 stt
1233 887 1303 971 ubi
1332 887 1547 1000 proportio
1574 887 1634 970 vis
1660 887 1703 970 in
1727 881 1864 993 apside
1890 879 2061 964 summa

473 1013 525 1098 ad
550 1013 633 1096 vim
652 1013 694 1094 in
719 1009 854 1119 apside
883 1011 964 1093 ima
991 1008 1168 1094 maxime
1189 1011 1401 1096 recedita
1426 1010 1633 1122 duplicata
1661 1009 1818 1092 tatione
1842 1003 2060 1090 distantia·
2131 1042 2132 1045 ¹

473 1164 565 1224 rum
595 1135 772 1220 inversa:
803 1132 1057 1219 manifestum
1084 1133 1142 1218 est
1169 1135 1283 1248 qnod
1303 1133 1456 1246 apsides
1477 1135 1520 1220 in
1548 1133 1720 1246 syzygiis
1747 1131 1838 1226 suis,
1867 1153 1950 1239 pet
1971 1131 2059 1215 vim

475 1262 692 1346 ablatitiam
713 1259 796 1342 KL
813 1258 883 1344 seu
910 1257 963 1340 N
968 1257 1216 1358 M-LM,
1244 1259 1562 1372 progredientur
1578 1257 1772 1353 velocius,
1798 1256 1932 1368 inque
1959 1281 2054 1368 qua·

474 1386 649 1470 draturis
679 1384 757 1468 suis
782 1383 934 1469 tardius
963 1383 1161 1468 recedent
1180 1409 1254 1495 per
1273 1386 1358 1470 vim
1379 1383 1605 1470 addititiam
1632 1381 1739 1464 LM.
1794 1379 1864 1464 Ob
1888 1379 2051 1465 diutur-

475 1513 645 1596 nitatem
665 1535 766 1594 vero
793 1509 1002 1618 temporis,
1029 1535 1116 1622 quo
1138 1511 1332 1597 velocitas
1361 1505 1588 1622 progressus
1615 1508 1680 1592 vel
1700 1505 1865 1592 tarditas
1894 1506 2048 1616 regres-

474 1633 538 1718 sus
557 1633 833 1730 continuatur,
862 1631 907 1714 fit
933 1632 1022 1716 haec
1039 1633 1295 1746 inequalitas
1321 1636 1443 1742 longe
1468 1631 1654 1716 maxima.

529 1758 656 1844 Coros.
678 1789 715 1866 9.
745 1756 792 1840 ¹Si
822 1781 971 1867 corpus
992 1758 1173 1870 aliquod,
1206 1760 1247 1842 vi
1279 1761 1491 1870 reciproce
1520 1755 1816 1867 proportionali
1840 1755 2043 1867 quadrato

474 1883 671 1970 distantiae
704 1881 826 1967 suaea
851 1901 1011 1980 centro,
1037 1884 1318 1968 revolveretur
1349 1883 1459 1968 circa
1490 1882 1571 1966 hoc
1593 1901 1784 1966 centrum
1815 1877 1857 1964 in
1889 1880 2040 1990 ellips3

475 2007 519 2088 &
546 2034 656 2103 mox,
692 2007 736 2092 in
760 2006 952 2096 descensu
982 2007 1032 2094 ab
1058 2007 1193 2120 apsrde
1218 2009 1372 2096 summa
1402 2005 1472 2094 seu
1499 2029 1601 2115 auge
1623 2004 1676 2090 ad
1699 2002 1876 2114 apsidem
1906 2005 2039 2100 imam,

473 2132 533 2216 uis
553 2132 615 2218 illa
629 2157 708 2246 per
737 2131 936 2222 accessum
955 2155 1200 2248 perpetuum
1227 2135 1287 2225 vis
1311 2157 1430 2222 novae
1447 2150 1665 2245 augeretur
1692 2131 1734 2216 in
1757 2130 1919 2217 ratione
1941 2129 2038 2243 plus-
2132 2141 2133 2168 ³

466 3443 593 3532 quarn
619 3411 821 3524 duplicata
853 3409 1050 3496 dillantiae
1079 3407 1321 3496 diminutae:
1359 3411 1614 3500 manifestum
1640 3417 1698 3502 est
1729 3410 1842 3534 quod
1875 3443 2030 3535 corpus,

470 3562 672 3654 perpetuo
690 3536 847 3622 accessu
868 3539 928 3621 vis
958 3539 1062 3622 illius
1082 3563 1202 3623 novae
1223 3537 1439 3650 impulsum
1466 3536 1625 3652 semper
1660 3545 1702 3630 in
1724 3565 1929 3644 centrum,
1958 3577 2028 3634 ma·

471 3671 531 3777 gis
549 3683 737 3770 vergeret
756 3661 799 3742 in
824 3661 905 3742 hoc
931 3679 1133 3757 centrum,
1158 3684 1280 3775 quam
1300 3662 1330 3746 st
1348 3682 1562 3774 urgeretur
1582 3668 1622 3750 vi
1655 3667 1736 3755 sola
1763 3670 1974 3757 crescente
1992 3677 2028 3758 in

470 3789 674 3899 duplicata
706 3784 864 3866 ratione
890 3779 1086 3866 distantiae
1118 3785 1363 3883 diminntae;
1401 3789 1580 3902 ideoque
1613 3793 1757 3879 orbem
1790 3794 2029 3882 describeret

470 3915 573 4000 orbe
607 3908 786 4018 elliptico
819 3905 1072 4005 interiorem,
1114 3905 1158 3991 δι
1191 3909 1233 3993 in
1264 3911 1397 4021 apsrde
1424 3914 1503 3996 ima
1529 3918 1695 4027 propius
1730 3919 1951 4003 accederet
1982 3922 2027 4006 ad

468 4058 656 4128 centrum
678 4059 801 4148 quam
821 4031 943 4144 prius.
998 4033 1124 4118 Orbis
1151 4035 1284 4146 igitur,
1310 4035 1469 4122 accessu
1491 4039 1606 4147 hujus
1623 4044 1683 4126 uis
1701 4069 1833 4139 nove,
1862 4043 1935 4126 siet
1958 4071 2030 4127 ma·

468 4169 527 4274 gis
559 4160 845 4247 excentricus.·
885 4157 925 4241 Si
948 4157 1130 4267 jam-vis,
1166 4161 1207 4246 in
1239 4160 1392 4246 recessu
1419 4159 1604 4274 corporis
1637 4165 1687 4248 ab
1714 4167 1847 4278 apside
1875 4171 1958 4250 ima
1985 4167 2029 4250 ad

469 4288 644 4398 apfidem
675 4284 884 4374 summam,
915 4281 1170 4366 decresceret
1201 4283 1342 4368 iisdem
1376 4287 1567 4394 gradibus
1591 4291 1739 4400 quibus
1772 4310 1866 4374 ante
1897 4317 2031 4374 creve·
2132 4315 2133 4376 l

468 4433 542 4508 rat,
570 4411 722 4493 rediret
748 4433 899 4516 corpus
926 4407 975 4490 ad
1002 4407 1227 4492 distantiam
1259 4413 1454 4520 priorem,
1481 4405 1661 4526 ideoque
1688 4413 1717 4498 fi
1742 4417 1802 4499 vis
1827 4415 2032 4502 decrescat
2132 4509 2133 4516 Ν

467 4537 508 4620 in
532 4532 671 4640 majori
692 4531 861 4626 ratione,
894 4557 1046 4642 corpus
1071 4530 1152 4638 jam
1181 4534 1311 4617 minus
1339 4536 1566 4620 attraslum'
1588 4536 1777 4622 ascendet
1805 4539 1856 4622 ad
1888 4539 2032 4625 dillan·

464 4665 562 4744 tiam
591 4654 790 4763 majorem
825 4655 869 4738 dc
904 4655 958 4740 fic
993 4655 1106 4739 orbis
1144 4659 1432 4741 excentricitas
1468 4661 1603 4744 adhuc
1642 4665 1767 4770 magis
1808 4662 2031 4772 augebitur.
2132 4649 2133 4704 l

466 4780 652 4895 Quarest
677 4781 781 4864 ratio
810 4779 1052 4864 incrementi
1075 4777 1119 4861 dc
1148 4779 1403 4867 decrementi
1431 4783 1489 4867 vis
1514 4786 1754 4896 cenniperae
1781 4786 1943 4897 lingulis
1971 4813 2030 4871 re·

463 4905 738 4995 volutionibus
763 4926 971 5014 augeatur,
1007 4903 1222 5016 augebitur
1253 4905 1412 5028 semper
1452 4909 1764 5010 excentricitas3
1803 4909 1846 4992 δε
1877 4932 2031 5010 contra,

1910 5033 2028 5118 dimi-
