4338 5656
376 167 1415 340 turn-cratanarbonam-cn.
1618 255 1716 346 527·

143 387 358 506 periodica
381 389 563 504 partium
582 388 750 474 vorticis
787 387 989 474 deberent
1015 383 1095 474 else
1120 385 1163 470 in
1198 385 1476 499 sesquiplicata·
1502 381 1707 472 distantia·
1762 400 1894 508 uren

142 543 237 604 rum
265 516 547 628 proportione.
601 512 660 600 Ut
685 513 864 598 vortices
882 514 1059 598 minores
1080 512 1237 594 circum
1257 513 1477 606 saturnum,
1502 508 1640 617 jovem
1661 512 1706 596 δι
1738 477 1926 543 Τ“”’”’“

139 642 239 728 alios
260 638 592 750 planetas‘gyrati
620 637 912 723 conserventur
937 635 1215 747 &tranquille
1236 653 1376 718 natent
1395 634 1438 718 in
1467 636 1625 718 vortice
1643 633 1706 718 so·

139 762 203 860 lis,
230 781 416 871 tempora
440 760 650 872 periodica
668 762 845 873 partiunt
868 759 1035 844 vorticis
1054 759 1189 844 solatis
1208 758 1406 842 deberent
1426 754 1504 841 effe
1524 758 1705 870 aqualia.

138 885 442 972 Revolutiones
465 883 557 970 solis
581 881 628 969 δι
655 885 907 995 planetarum
935 884 1091 968 circum
1121 909 1215 967 axes
1242 882 1350 978 suos,
1379 905 1472 993 quae
1492 906 1587 965 cum
1615 905 1706 966 mo·

141 1009 252 1093 tibus
275 1007 480 1092 vorticum
501 1032 732 1116 congruere
762 1007 975 1105 deberent,
1013 1006 1063 1091 ab
1086 1006 1276 1090 omuibus
1300 1005 1409 1090 hisce
1431 1006 1706 1114 proportioni·

143 1131 219 1214 bus
243 1129 485 1240 discrepant.
512 1127 936 1216 Motus-cometarum
954 1129 1045 1212 lunt
1064 1127 1219 1212 summe
1240 1128 1455 1238 regulares,
1485 1125 1530 1212 δὲ
1544 1125 1716 1213 easdem

58 1289 61 1294 ’
141 1251 254 1361 leges
282 1275 378 1334 cum
405 1250 655 1360 planetarum
679 1252 860 1338 motibus
883 1247 1113 1346 observant,
1142 1248 1185 1332 ὅτ
1211 1273 1285 1360 per
1313 1250 1490 1334 vortices
1515 1249 1707 1358 explicari

140 1392 367 1486 nequeunt.
421 1370 625 1460 Feruntur
662 1393 838 1460 cometae
872 1374 1054 1458 motibus
1085 1372 1201 1458 valde
1227 1373 1467 1456 eccentricis
1497 1373 1540 1458 in
1565 1397 1708 1466 omnes

139 1500 348 1584 coelorum
370 1512 518 1607 partes,
547 1499 663 1610 quod
686 1497 775 1584 fieri
805 1523 890 1584 non
913 1498 1062 1611 potest,
1086 1495 1158 1582 nili
1185 1495 1362 1582 vortices
1386 1497 1590 1582 tollantur.
1692 1591 1693 1596 Ν

196 1619 441 1728 Projedlilia,
466 1621 510 1705 in
532 1627 625 1706 ae're
644 1620 797 1720 nostro,
824 1621 949 1707 solam
973 1621 1076 1706 aeris
1099 1619 1359 1705 restllentiaut
1386 1618 1576 1704 sentiunt.
1602 1619 1705 1705 Sub

139 1744 225 1827 lato
247 1749 355 1838 aere,
381 1760 426 1825 ut
448 1741 493 1826 fit
513 1743 558 1827 in
577 1769 708 1828 vacuo
721 1743 927 1852 Bryliaao,
954 1743 1170 1829 refilleutia
1188 1737 1321 1838 cessat,
1347 1741 1555 1853 liquidem·
1566 1745 1715 1856 plume

141 1865 286 1954 tenuis·
306 1861 349 1946 &
376 1889 519 1949 aurum
546 1863 721 1952 solidum
747 1869 892 1980 aequali
918 1891 1014 1952 cum
1044 1865 1263 1950 velocitate
1295 1865 1337 1949 in
1367 1866 1448 1948 hoc
1479 1889 1610 1950 vacuo
1639 1880 1714 1952 cae

138 1991 265 2076 dunt.
313 1987 372 2073 Et
397 2015 469 2101 par
495 1990 553 2077 est
564 1991 688 2080 ratio·
700 1989 929 2100 spatiorum
940 1989 1184 2086 coelestiana,
1208 2012 1303 2098 quae
1328 1985 1420 2072 sunt
1437 1987 1713 2099 supra-armo·-

136 2109 335 2221 sphaeram
360 2131 491 2198 terrae.
546 2112 737 2223 Corpora
756 2115 892 2199 omnia
910 2113 954 2197 in
971 2113 1053 2198 istis
1071 2113 1205 2224 spatiis
1224 2110 1430 2195 liberrime
1452 2113 1611 2197 moveri
1630 2113 1714 2198 de·-

137 2231 238 2319 Bent
254 2269 271 2328 a
288 2232 331 2316 δι
349 2253 570 2343 propterea
588 2233 761 2343 planetae
779 2231 823 2316 ὅτ
840 2253 1018 2317 cometae
1038 2233 1081 2318 in
1103 2233 1269 2319 orbibus
1286 2231 1421 2342 specie
1440 2230 1483 2315 &
1501 2233 1718 2344 positione

137 2357 244 2442 datis
282 2355 509 2443 secundum
541 2358 652 2467 leges
694 2355 812 2465 supra
846 2356 1046 2470 expofitas
1095 2377 1300 2470 perpetuo
1320 2395 1321 2403 Ν
1339 2357 1508 2442 revolvi.
1564 2357 1714 2444 Perse·-

135 2477 341 2566 verabuut.
368 2477 539 2592 quidem
560 2477 603 2562 in
624 2475 792 2562 orbibus
823 2475 902 2562 luis
936 2503 1010 2590 per
1041 2479 1152 2590 leges
1182 2481 1403 2590 gravitatis,
1438 2478 1508 2564 sed
1543 2483 1700 2590 regula

134 2626 230 2688 rem
253 2601 422 2688 orbium
439 2603 561 2688 fitum
589 2601 778 2714 primitus
811 2602 1036 2714 acquirere·
1052 2627 1128 2714 per
1161 2604 1273 2711 leges
1292 2601 1417 2688 hasce·
1436 2601 1608 2688 minime
1624 2629 1711 2718 poa·

136 2741 318 2810 ruerunt.
1853 2825 1856 2834 Ι

189 2843 369 2932 Planetae
395 2845 467 2932 sex
491 2849 733 2960 principales
759 2848 1028 2934 revolvuntur
1055 2842 1212 2930 circum
1233 2844 1360 2932 solem
1377 2846 1421 2932 in
1439 2848 1607 2935 circulis
1622 2850 1695 2942 loli
1833 2858 1836 2863 ’

134 2971 431 3068 concentricis,
453 2972 601 3054 eadem
622 2993 761 3056 motus
786 2969 1041 3070 diresiione,
1059 2969 1102 3050 in
1125 2970 1276 3054 eodem
1296 2972 1416 3080 plano
1434 2984 1708 3084 quamproxi-¹

134 3117 217 3179 me.
271 3090 406 3176 Lunae
433 3089 581 3175 decem
607 3090 876 3175 revolvuntur
896 3091 1055 3174 circum
1074 3107 1239 3189 terram,
1262 3090 1403 3200 jovem
1426 3093 1468 3176 dr
1491 3095 1710 3185 saturnum

133 3216 179 3302 in
199 3213 362 3299 circulis
391 3211 683 3309 concentricis,
710 3211 856 3298 eadem
883 3235 1021 3296 motus
1046 3207 1288 3314 diredione,
1314 3214 1358 3300 in
1382 3217 1507 3327 planis
1532 3219 1713 3309 orbium,

134 3339 389 3451 planetarum
406 3336 734 3450 quamproxime.
790 3332 846 3421 Et
867 3335 911 3422 hi
933 3359 1076 3420 omnes
1097 3358 1234 3421 motus
1259 3339 1463 3448 regulares
1493 3343 1711 3455 originem
1822 3441 1824 3444 ,

134 3486 222 3550 uon
239 3460 390 3546 babent
409 3486 463 3546 ex
480 3459 606 3544 causts
624 3459 891 3558 mechanicisa
914 3461 1115 3574 siquidem
1135 3482 1311 3547 cometae
1330 3463 1373 3550 in
1394 3465 1560 3552 orbibus
1579 3469 1697 3556 valde

133 3583 393 3680 eccentricis,
421 3581 464 3666 dr
484 3582 528 3668 in
546 3607 690 3668 omnes
710 3587 913 3668 coelorum
933 3601 1068 3694 partes
1086 3583 1214 3670 libere
1232 3584 1432 3672 seruntur.
1488 3590 1589 3704 Quo
1608 3616 1696 3678 mo·

134 3725 201 3792 tus
219 3729 371 3816 genere
391 3723 567 3790 cometae
584 3731 659 3816 pet
676 3707 798 3792 orbes
816 3707 1070 3818 planetarum
1084 3707 1300 3796 celerrime
1313 3709 1357 3794 dt
1377 3710 1569 3799 facillime
1589 3734 1706 3806 tran·-

134 3827 265 3928 leum,
303 3829 347 3914 &
374 3829 424 3914 in
446 3829 613 3941 apheliis
641 3829 719 3916 suis
746 3831 819 3918 ubi
850 3831 1051 3919 tardiores
1082 3831 1174 3919 sunt
1204 3831 1247 3917 dt
1270 3834 1424 3922 diutius
1453 3860 1709 3944 morantura.

135 3975 259 4062 quam
279 3948 506 4062 longilsrme
524 3949 673 4038 distant
691 3954 742 4038 ab
761 3953 954 4054 invicem,
981 3975 1027 4040 ut
1046 3953 1087 4040 se
1110 3975 1260 4041 mutuo
1282 3981 1408 4070 quam
1430 3960 1598 4047 minime
1617 3982 1695 4046 tra·

133 4074 244 4160 bant.
300 4069 602 4182 Elegantiffima
632 4075 772 4160 lraecce
796 4076 901 4174 solis,
933 4079 1187 4190 planetarum
1219 4077 1545 4170 &cometarum
1580 4111 1694 4172 com·

133 4219 257 4308 pages
275 4217 359 4280 non
385 4191 459 4278 nist
485 4193 653 4280 consilio
672 4195 715 4280 dt
733 4196 922 4284 dominio
936 4201 1041 4286 entis
1059 4201 1320 4312 intelligentis
1339 4205 1575 4316 &potentis
1594 4211 1707 4300 oririr

131 4319 282 4430 potuit.
338 4311 393 4402 Et
418 4315 584 4402 stllellae
608 4317 703 4404 fixae
727 4319 801 4406 bnt
821 4342 962 4408 centra
980 4320 1166 4410 srmilium
1183 4326 1456 4439 systematum,
1483 4333 1570 4417 haec
1602 4361 1705 4421 om·-

134 4440 201 4528 nia
229 4439 344 4526 stmili
374 4437 544 4526 consilio
572 4439 800 4528 construela
827 4444 1021 4533 suberunt
1047 4445 1186 4533 Unius
1207 4450 1418 4538 dominio:
1468 4457 1709 4565 praesertim·-

135 4587 232 4648 cum
250 4561 321 4644 lux
339 4561 511 4649 lixarum
530 4561 576 4648 stt
596 4563 775 4672 ejusdem
793 4587 948 4655 naturae
971 4597 1018 4654 ac
1039 4573 1110 4657 lux
1131 4571 1237 4672 solis,
1264 4571 1307 4657 &
1329 4574 1537 4686 systemata
1556 4583 1695 4670 omnia

100 4781 104 4790 ,
132 4691 268 4776 lucem
299 4683 342 4767 in
367 4697 504 4772 omnia
529 4685 707 4773 invicem
739 4691 974 4780 immittant.
1030 4689 1086 4778 Et
1107 4720 1160 4782 ne
1180 4697 1353 4784 fixarum
1373 4699 1584 4812 syllemata
1617 4729 1692 4816 per

13 4917 14 4928 .
134 4807 375 4924 gravitatem
396 4807 507 4891 suam
524 4809 566 4894 in
592 4809 632 4896 se
652 4831 797 4902 mutuo
824 4815 987 4918 cadant,
1010 4815 1078 4904 hic
1097 4821 1243 4910 eadem
1262 4825 1501 4928 immensam
1522 4825 1574 4912 ab
1589 4829 1692 4913 invi.

13 5003 15 5018 ,
134 4957 226 5022 cem
245 4927 472 5020 distantiam
494 4933 687 5046 posuerit.
1272 4943 1273 4946 ‘
1450 4941 1452 4945 ·
1604 4947 1709 5040 Hic.
