<?xml version="1.0" encoding="UTF-8"?>
<!DOCTYPE html PUBLIC "-//W3C//DTD XHTML 1.0 Transitional//EN"
    "http://www.w3.org/TR/xhtml1/DTD/xhtml1-transitional.dtd">
<html xmlns="http://www.w3.org/1999/xhtml" xml:lang="en" lang="en">
 <head>
  <title>
</title>
<meta http-equiv="Content-Type" content="text/html;charset=utf-8" />
  <meta name='ocr-system' content='tesseract 3.04.00' />
  <meta name='ocr-capabilities' content='ocr_page ocr_carea ocr_par ocr_line ocrx_word'/>
</head>
<body>
  <div class='ocr_page' id='page_1' title='image "./philosophinatur00cotegoog_0117.png"; bbox 0 0 4336 5656; ppageno 0'>
   <div class='ocr_carea' id='block_1_1' title="bbox 198 409 377 554">
    <p class='ocr_par' dir='ltr' id='par_1_1' title="bbox 198 409 377 552">
     <span class='ocr_line' id='line_1_1' title="bbox 203 409 371 470; baseline -0.018 0"><span class='ocrx_word' id='word_1_1' title='bbox 203 409 371 470; x_wconf 77' lang='lat' dir='ltr'>nrorM</span> 
     </span>
     <span class='ocr_line' id='line_1_2' title="bbox 198 489 377 554; baseline -0.017 -4"><span class='ocrx_word' id='word_1_2' title='bbox 198 489 267 554; x_wconf 75' lang='lat' dir='ltr'>cor</span> <span class='ocrx_word' id='word_1_3' title='bbox 269 507 377 552; x_wconf 65' lang='grc' dir='ltr'>ννννν</span> 
     </span>
    </p>
   </div>
   <div class='ocr_carea' id='block_1_2' title="bbox 421 229 1735 352">
    <p class='ocr_par' dir='ltr' id='par_1_2' title="bbox 421 229 1735 352">
     <span class='ocr_line' id='line_1_3' title="bbox 421 229 1735 352; baseline 0.002 -17"><span class='ocrx_word' id='word_1_4' title='bbox 421 229 491 350; x_wconf 84' lang='grc'>76</span> <span class='ocrx_word' id='word_1_5' title='bbox 708 236 1234 340; x_wconf 85' lang='lat' dir='ltr'>PHILOSOPHIAE</span> <span class='ocrx_word' id='word_1_6' title='bbox 1280 237 1735 352; x_wconf 86' lang='lat' dir='ltr'>NATURALIS</span> 
     </span>
    </p>
   </div>
   <div class='ocr_carea' id='block_1_3' title="bbox 352 363 2151 781">
    <p class='ocr_par' dir='ltr' id='par_1_3' title="bbox 352 363 2151 781">
     <span class='ocr_line' id='line_1_4' title="bbox 352 363 2151 526; baseline 0.004 -36.258"><span class='ocrx_word' id='word_1_7' title='bbox 352 405 519 494; x_wconf 68' lang='lat' dir='ltr'>wBD</span> <span class='ocrx_word' id='word_1_8' title='bbox 541 433 638 496; x_wconf 89' lang='lat' dir='ltr'>cum</span> <span class='ocrx_word' id='word_1_9' title='bbox 663 409 768 495; x_wconf 88' lang='lat' dir='ltr'>linea</span> <span class='ocrx_word' id='word_1_10' title='bbox 796 411 892 511; x_wconf 90' lang='lat' dir='ltr'>AC,</span> <span class='ocrx_word' id='word_1_11' title='bbox 910 434 1100 500; x_wconf 85' lang='lat' dir='ltr'>manente</span> <span class='ocrx_word' id='word_1_12' title='bbox 1124 412 1326 526; x_wconf 88' lang='lat' dir='ltr'>pofitione</span> <span class='ocrx_word' id='word_1_13' title='bbox 1346 413 1470 500; x_wconf 91' lang='lat' dir='ltr'>trium</span> <span class='ocrx_word' id='word_1_14' title='bbox 1491 412 1594 512; x_wconf 89' lang='grc' dir='ltr'>ΑΒ,</span> <span class='ocrx_word' id='word_1_15' title='bbox 1621 412 1724 510; x_wconf 89' lang='lat' dir='ltr'>CD,</span> <span class='ocrx_word' id='word_1_16' title='bbox 1745 405 1859 506; x_wconf 85' lang='lat' dir='ltr'>AC,</span> <span class='ocrx_word' id='word_1_17' title='bbox 1890 407 2030 496; x_wconf 76' lang='lat' dir='ltr'>deiru</span> <span class='ocrx_word' id='word_1_18' title='bbox 2149 363 2151 406; x_wconf 58' lang='lat'><strong>¹</strong></span> 
     </span>
     <span class='ocr_line' id='line_1_5' title="bbox 414 523 2151 681; baseline 0 -59"><span class='ocrx_word' id='word_1_19' title='bbox 414 556 534 624; x_wconf 88' lang='lat' dir='ltr'>coeat</span> <span class='ocrx_word' id='word_1_20' title='bbox 569 537 692 622; x_wconf 87' lang='lat' dir='ltr'>etiarn</span> <span class='ocrx_word' id='word_1_21' title='bbox 720 541 824 625; x_wconf 85' lang='lat' dir='ltr'>linea</span> <span class='ocrx_word' id='word_1_22' title='bbox 852 538 952 624; x_wconf 92' lang='lat' dir='ltr'>PT</span> <span class='ocrx_word' id='word_1_23' title='bbox 972 543 1069 650; x_wconf 85' lang='lat' dir='ltr'>cum</span> <span class='ocrx_word' id='word_1_24' title='bbox 1099 544 1204 629; x_wconf 86' lang='lat' dir='ltr'>linea</span> <span class='ocrx_word' id='word_1_25' title='bbox 1226 542 1341 626; x_wconf 89' lang='lat' dir='ltr'>PS:</span> <span class='ocrx_word' id='word_1_26' title='bbox 1377 539 1421 625; x_wconf 88' lang='lat'>&amp;</span> <span class='ocrx_word' id='word_1_27' title='bbox 1451 539 1726 681; x_wconf 70' lang='lat' dir='ltr'>testnngulum</span> <span class='ocrx_word' id='word_1_28' title='bbox 1754 536 1961 625; x_wconf 81' lang='lat' dir='ltr'>PSxP</span> <span class='ocrx_word' id='word_1_29' title='bbox 1979 533 2035 621; x_wconf 88' lang='lat' dir='ltr'><em>T</em></span> <span class='ocrx_word' id='word_1_30' title='bbox 2141 523 2151 635; x_wconf 78' lang='lat' dir='ltr'>li</span> 
     </span>
     <span class='ocr_line' id='line_1_6' title="bbox 414 661 2028 781; baseline -0.003 -32"><span class='ocrx_word' id='word_1_31' title='bbox 414 663 562 750; x_wconf 78' lang='lat' dir='ltr'>evadet</span> <span class='ocrx_word' id='word_1_32' title='bbox 584 661 627 744; x_wconf 88' lang='lat' dir='ltr'><em>P</em></span> <span class='ocrx_word' id='word_1_33' title='bbox 641 661 675 745; x_wconf 94' lang='lat' dir='ltr'><em>S</em></span> <span class='ocrx_word' id='word_1_34' title='bbox 691 664 807 778; x_wconf 85' lang='lat' dir='ltr'>quad</span> <span class='ocrx_word' id='word_1_35' title='bbox 827 667 1032 781; x_wconf 71' lang='lat' dir='ltr'>tedaeque</span> <span class='ocrx_word' id='word_1_36' title='bbox 1047 669 1145 767; x_wconf 90' lang='lat' dir='ltr'>AB,</span> <span class='ocrx_word' id='word_1_37' title='bbox 1165 667 1272 766; x_wconf 88' lang='lat' dir='ltr'>CD,</span> <span class='ocrx_word' id='word_1_38' title='bbox 1287 693 1380 780; x_wconf 89' lang='lat' dir='ltr'>quae</span> <span class='ocrx_word' id='word_1_39' title='bbox 1398 693 1565 753; x_wconf 89' lang='lat' dir='ltr'>curvam</span> <span class='ocrx_word' id='word_1_40' title='bbox 1583 667 1627 752; x_wconf 91' lang='lat' dir='ltr'>in</span> <span class='ocrx_word' id='word_1_41' title='bbox 1648 661 1807 777; x_wconf 75' lang='lat' dir='ltr'>punctis</span> <span class='ocrx_word' id='word_1_42' title='bbox 1821 662 1929 747; x_wconf 88' lang='lat' dir='ltr'>A&amp;</span> <span class='ocrx_word' id='word_1_43' title='bbox 1952 663 2028 776; x_wconf 81' lang='lat' dir='ltr'>B,</span> 
     </span>
    </p>
   </div>
   <div class='ocr_carea' id='block_1_4' title="bbox 413 789 2026 1029">
    <p class='ocr_par' dir='ltr' id='par_1_4' title="bbox 413 789 2026 1029">
     <span class='ocr_line' id='line_1_7' title="bbox 416 789 2026 906; baseline 0 -30"><span class='ocrx_word' id='word_1_44' title='bbox 416 789 520 876; x_wconf 88' lang='lat' dir='ltr'>C&amp;</span> <span class='ocrx_word' id='word_1_45' title='bbox 547 789 599 873; x_wconf 93' lang='lat' dir='ltr'><em>D</em></span> <span class='ocrx_word' id='word_1_46' title='bbox 626 790 874 890; x_wconf 78' lang='lat' dir='ltr'>secabant,</span> <span class='ocrx_word' id='word_1_47' title='bbox 859 819 942 902; x_wconf 78' lang='lat' dir='ltr'>Jam</span> <span class='ocrx_word' id='word_1_48' title='bbox 966 820 1134 879; x_wconf 87' lang='lat' dir='ltr'>curvam</span> <span class='ocrx_word' id='word_1_49' title='bbox 1160 797 1202 880; x_wconf 92' lang='lat' dir='ltr'>in</span> <span class='ocrx_word' id='word_1_50' title='bbox 1231 795 1390 906; x_wconf 71' lang='lat' dir='ltr'>punctis</span> <span class='ocrx_word' id='word_1_51' title='bbox 1421 795 1497 882; x_wconf 91' lang='lat' dir='ltr'>illis</span> <span class='ocrx_word' id='word_1_52' title='bbox 1525 793 1769 882; x_wconf 84' lang='lat' dir='ltr'>coeuntibus</span> <span class='ocrx_word' id='word_1_53' title='bbox 1794 817 1879 879; x_wconf 92' lang='lat' dir='ltr'>non</span> <span class='ocrx_word' id='word_1_54' title='bbox 1905 818 2026 877; x_wconf 81' lang='lat' dir='ltr'>am·-</span> 
     </span>
     <span class='ocr_line' id='line_1_8' title="bbox 413 913 1328 1029; baseline 0.003 -30"><span class='ocrx_word' id='word_1_55' title='bbox 413 913 517 1025; x_wconf 91' lang='lat' dir='ltr'>plius</span> <span class='ocrx_word' id='word_1_56' title='bbox 536 913 669 1002; x_wconf 87' lang='lat' dir='ltr'>secare</span> <span class='ocrx_word' id='word_1_57' title='bbox 690 913 866 1029; x_wconf 76' lang='lat' dir='ltr'>possunt,</span> <span class='ocrx_word' id='word_1_58' title='bbox 883 915 954 1003; x_wconf 87' lang='lat' dir='ltr'>sed</span> <span class='ocrx_word' id='word_1_59' title='bbox 971 936 1129 1003; x_wconf 88' lang='lat' dir='ltr'>tantum</span> <span class='ocrx_word' id='word_1_60' title='bbox 1146 935 1328 1028; x_wconf 90' lang='lat' dir='ltr'>tangent.</span> 
     </span>
    </p>
   </div>
   <div class='ocr_carea' id='block_1_5' title="bbox 1058 1141 1327 1244">
    <p class='ocr_par' dir='ltr' id='par_1_5' title="bbox 1058 1141 1327 1244">
     <span class='ocr_line' id='line_1_9' title="bbox 1058 1141 1327 1244; baseline 0 0"><span class='ocrx_word' id='word_1_61' title='bbox 1058 1192 1060 1198; x_wconf 52' lang='lat'><strong><em>¹</em></strong></span> <span class='ocrx_word' id='word_1_62' title='bbox 1089 1141 1129 1244; x_wconf 84' lang='lat' dir='ltr'><em>S</em></span> <span class='ocrx_word' id='word_1_63' title='bbox 1125 1141 1327 1244; x_wconf 76' lang='lat' dir='ltr'>ebolium.</span> 
     </span>
    </p>
   </div>
   <div class='ocr_carea' id='block_1_6' title="bbox 415 1301 2151 2634">
    <p class='ocr_par' dir='ltr' id='par_1_6' title="bbox 415 1301 2151 2634">
     <span class='ocr_line' id='line_1_10' title="bbox 475 1301 2015 1408; baseline -0.001 -14"><span class='ocrx_word' id='word_1_64' title='bbox 475 1308 641 1396; x_wconf 88' lang='lat' dir='ltr'><strong>Nomen</strong></span> <span class='ocrx_word' id='word_1_65' title='bbox 661 1313 819 1398; x_wconf 90' lang='lat' dir='ltr'>conicae</span> <span class='ocrx_word' id='word_1_66' title='bbox 835 1309 1022 1397; x_wconf 67' lang='lat' dir='ltr'>sessionis</span> <span class='ocrx_word' id='word_1_67' title='bbox 1041 1311 1083 1399; x_wconf 92' lang='lat' dir='ltr'>in</span> <span class='ocrx_word' id='word_1_68' title='bbox 1097 1311 1178 1395; x_wconf 92' lang='lat' dir='ltr'>hoc</span> <span class='ocrx_word' id='word_1_69' title='bbox 1197 1311 1388 1396; x_wconf 89' lang='lat' dir='ltr'>lemmate</span> <span class='ocrx_word' id='word_1_70' title='bbox 1415 1309 1494 1396; x_wconf 87' lang='lat' dir='ltr'>late</span> <span class='ocrx_word' id='word_1_71' title='bbox 1514 1306 1700 1408; x_wconf 80' lang='lat' dir='ltr'>sumitur,</span> <span class='ocrx_word' id='word_1_72' title='bbox 1725 1307 1847 1394; x_wconf 86' lang='lat' dir='ltr'>itaut</span> <span class='ocrx_word' id='word_1_73' title='bbox 1865 1301 2015 1393; x_wconf 76' lang='lat' dir='ltr'>seffio</span> 
     </span>
     <span class='ocr_line' id='line_1_11' title="bbox 420 1433 2148 1549; baseline 0.002 -31"><span class='ocrx_word' id='word_1_74' title='bbox 420 1447 503 1520; x_wconf 91' lang='lat' dir='ltr'>tam</span> <span class='ocrx_word' id='word_1_75' title='bbox 528 1437 732 1522; x_wconf 72' lang='lat' dir='ltr'>redilinea</span> <span class='ocrx_word' id='word_1_76' title='bbox 761 1464 833 1549; x_wconf 91' lang='lat' dir='ltr'>per</span> <span class='ocrx_word' id='word_1_77' title='bbox 852 1439 1049 1522; x_wconf 88' lang='lat' dir='ltr'>verticem</span> <span class='ocrx_word' id='word_1_78' title='bbox 1077 1438 1173 1524; x_wconf 92' lang='lat' dir='ltr'>coni</span> <span class='ocrx_word' id='word_1_79' title='bbox 1201 1435 1405 1533; x_wconf 89' lang='lat' dir='ltr'>transiens,</span> <span class='ocrx_word' id='word_1_80' title='bbox 1434 1459 1557 1548; x_wconf 87' lang='lat' dir='ltr'>quarn</span> <span class='ocrx_word' id='word_1_81' title='bbox 1583 1433 1789 1520; x_wconf 84' lang='lat' dir='ltr'>circularis</span> <span class='ocrx_word' id='word_1_82' title='bbox 1815 1435 1895 1522; x_wconf 89' lang='lat' dir='ltr'>bafi</span> <span class='ocrx_word' id='word_1_83' title='bbox 1923 1461 2011 1548; x_wconf 81' lang='lat' dir='ltr'>pa·</span> <span class='ocrx_word' id='word_1_84' title='bbox 2144 1458 2148 1469; x_wconf 89' lang='lat'>·</span> 
     </span>
     <span class='ocr_line' id='line_1_12' title="bbox 416 1557 2008 1678; baseline 0.001 -34"><span class='ocrx_word' id='word_1_85' title='bbox 416 1561 550 1646; x_wconf 84' lang='lat' dir='ltr'>rallela</span> <span class='ocrx_word' id='word_1_86' title='bbox 576 1561 818 1649; x_wconf 87' lang='lat' dir='ltr'>includatur.</span> <span class='ocrx_word' id='word_1_87' title='bbox 874 1565 980 1650; x_wconf 83' lang='lat' dir='ltr'>Nam</span> <span class='ocrx_word' id='word_1_88' title='bbox 1012 1564 1041 1650; x_wconf 88' lang='lat' dir='ltr'><strong>fi</strong></span> <span class='ocrx_word' id='word_1_89' title='bbox 1071 1563 1266 1678; x_wconf 75' lang='lat' dir='ltr'>punctum</span> <span class='ocrx_word' id='word_1_90' title='bbox 1287 1577 1321 1672; x_wconf 88' lang='lat' dir='ltr'><em>p</em></span> <span class='ocrx_word' id='word_1_91' title='bbox 1347 1559 1496 1645; x_wconf 91' lang='lat' dir='ltr'>incidit</span> <span class='ocrx_word' id='word_1_92' title='bbox 1528 1561 1571 1646; x_wconf 90' lang='lat' dir='ltr'>in</span> <span class='ocrx_word' id='word_1_93' title='bbox 1592 1557 1759 1660; x_wconf 70' lang='lat' dir='ltr'>tedam,</span> <span class='ocrx_word' id='word_1_94' title='bbox 1786 1585 1866 1676; x_wconf 83' lang='lat' dir='ltr'>qua</span> <span class='ocrx_word' id='word_1_95' title='bbox 1886 1587 2008 1674; x_wconf 91' lang='lat' dir='ltr'>pun-</span> 
     </span>
     <span class='ocr_line' id='line_1_13' title="bbox 416 1685 2007 1802; baseline -0.001 -31"><span class='ocrx_word' id='word_1_96' title='bbox 416 1685 479 1772; x_wconf 76' lang='lat' dir='ltr'>eta</span> <span class='ocrx_word' id='word_1_97' title='bbox 514 1689 561 1771; x_wconf 87' lang='lat' dir='ltr'><em>A</em></span> <span class='ocrx_word' id='word_1_98' title='bbox 576 1688 621 1773; x_wconf 81' lang='lat' dir='ltr'>dc</span> <span class='ocrx_word' id='word_1_99' title='bbox 646 1691 698 1772; x_wconf 95' lang='lat' dir='ltr'><em>D</em></span> <span class='ocrx_word' id='word_1_100' title='bbox 723 1692 788 1774; x_wconf 88' lang='lat' dir='ltr'>vel</span> <span class='ocrx_word' id='word_1_101' title='bbox 812 1689 848 1772; x_wconf 88' lang='lat' dir='ltr'><em>C</em></span> <span class='ocrx_word' id='word_1_102' title='bbox 871 1687 915 1772; x_wconf 79' lang='lat' dir='ltr'>dt</span> <span class='ocrx_word' id='word_1_103' title='bbox 944 1690 985 1772; x_wconf 91' lang='grc' dir='ltr'><em>Β</em></span> <span class='ocrx_word' id='word_1_104' title='bbox 1000 1691 1240 1802; x_wconf 91' lang='lat' dir='ltr'>junguntur,</span> <span class='ocrx_word' id='word_1_105' title='bbox 1267 1685 1410 1773; x_wconf 84' lang='lat' dir='ltr'>conica</span> <span class='ocrx_word' id='word_1_106' title='bbox 1434 1685 1558 1770; x_wconf 78' lang='lat' dir='ltr'>seRio</span> <span class='ocrx_word' id='word_1_107' title='bbox 1582 1705 1766 1773; x_wconf 89' lang='lat' dir='ltr'>vertetur</span> <span class='ocrx_word' id='word_1_108' title='bbox 1791 1691 1835 1774; x_wconf 91' lang='lat' dir='ltr'>in</span> <span class='ocrx_word' id='word_1_109' title='bbox 1862 1689 2007 1797; x_wconf 88' lang='lat' dir='ltr'>gemi.</span> 
     </span>
     <span class='ocr_line' id='line_1_14' title="bbox 415 1807 2151 1956; baseline -0.001 -58"><span class='ocrx_word' id='word_1_110' title='bbox 415 1837 486 1899; x_wconf 88' lang='lat' dir='ltr'>nas</span> <span class='ocrx_word' id='word_1_111' title='bbox 516 1812 655 1914; x_wconf 76' lang='lat' dir='ltr'>redas,</span> <span class='ocrx_word' id='word_1_112' title='bbox 681 1839 854 1927; x_wconf 91' lang='lat' dir='ltr'>quarum</span> <span class='ocrx_word' id='word_1_113' title='bbox 879 1841 960 1899; x_wconf 88' lang='lat' dir='ltr'>una</span> <span class='ocrx_word' id='word_1_114' title='bbox 977 1819 1034 1900; x_wconf 87' lang='lat' dir='ltr'>esl</span> <span class='ocrx_word' id='word_1_115' title='bbox 1058 1813 1165 1902; x_wconf 75' lang='lat' dir='ltr'>reda</span> <span class='ocrx_word' id='word_1_116' title='bbox 1191 1815 1257 1900; x_wconf 90' lang='lat' dir='ltr'>illa</span> <span class='ocrx_word' id='word_1_117' title='bbox 1278 1813 1321 1900; x_wconf 93' lang='lat' dir='ltr'>in</span> <span class='ocrx_word' id='word_1_118' title='bbox 1344 1835 1467 1926; x_wconf 87' lang='lat' dir='ltr'>quarn</span> <span class='ocrx_word' id='word_1_119' title='bbox 1487 1807 1684 1922; x_wconf 72' lang='lat' dir='ltr'>puns&#39;tum</span> <span class='ocrx_word' id='word_1_120' title='bbox 1701 1826 1737 1923; x_wconf 83' lang='lat' dir='ltr'>p</span> <span class='ocrx_word' id='word_1_121' title='bbox 1758 1812 1917 1912; x_wconf 90' lang='lat' dir='ltr'>incidit,</span> <span class='ocrx_word' id='word_1_122' title='bbox 1949 1811 2004 1896; x_wconf 69' lang='grc' dir='ltr'><strong>ἃ</strong></span> <span class='ocrx_word' id='word_1_123' title='bbox 2144 1842 2151 1956; x_wconf 65' lang='lat' dir='ltr'>q</span> 
     </span>
     <span class='ocr_line' id='line_1_15' title="bbox 416 1932 2151 2054; baseline 0.001 -34"><span class='ocrx_word' id='word_1_124' title='bbox 416 1935 543 2022; x_wconf 89' lang='lat' dir='ltr'>altera</span> <span class='ocrx_word' id='word_1_125' title='bbox 568 1936 626 2021; x_wconf 86' lang='lat' dir='ltr'>est</span> <span class='ocrx_word' id='word_1_126' title='bbox 655 1937 763 2022; x_wconf 76' lang='lat' dir='ltr'>testa.</span> <span class='ocrx_word' id='word_1_127' title='bbox 781 1963 862 2052; x_wconf 92' lang='lat' dir='ltr'>qua</span> <span class='ocrx_word' id='word_1_128' title='bbox 880 1939 953 2022; x_wconf 87' lang='lat' dir='ltr'>alia</span> <span class='ocrx_word' id='word_1_129' title='bbox 979 1941 1064 2023; x_wconf 92' lang='lat' dir='ltr'>duo</span> <span class='ocrx_word' id='word_1_130' title='bbox 1090 1966 1142 2024; x_wconf 89' lang='lat' dir='ltr'>ex</span> <span class='ocrx_word' id='word_1_131' title='bbox 1164 1932 1320 2054; x_wconf 71' lang='lat' dir='ltr'>punsiis</span> <span class='ocrx_word' id='word_1_132' title='bbox 1347 1955 1523 2051; x_wconf 90' lang='lat' dir='ltr'>quatuor</span> <span class='ocrx_word' id='word_1_133' title='bbox 1547 1935 1784 2046; x_wconf 89' lang='lat' dir='ltr'>junguntur.</span> <span class='ocrx_word' id='word_1_134' title='bbox 1842 1937 1885 2022; x_wconf 87' lang='lat' dir='ltr'>Si</span> <span class='ocrx_word' id='word_1_135' title='bbox 1911 1955 2001 2022; x_wconf 82' lang='lat' dir='ltr'>tra·</span> <span class='ocrx_word' id='word_1_136' title='bbox 2149 1959 2151 1972; x_wconf 75' lang='grc'>’</span> 
     </span>
     <span class='ocr_line' id='line_1_16' title="bbox 417 2057 2004 2180; baseline -0.001 -33"><span class='ocrx_word' id='word_1_137' title='bbox 417 2066 529 2174; x_wconf 90' lang='lat' dir='ltr'>pezii</span> <span class='ocrx_word' id='word_1_138' title='bbox 544 2069 678 2176; x_wconf 89' lang='lat' dir='ltr'>anguli</span> <span class='ocrx_word' id='word_1_139' title='bbox 695 2065 780 2150; x_wconf 93' lang='lat' dir='ltr'>duo</span> <span class='ocrx_word' id='word_1_140' title='bbox 791 2066 966 2180; x_wconf 90' lang='lat' dir='ltr'>opposrti</span> <span class='ocrx_word' id='word_1_141' title='bbox 981 2065 1095 2152; x_wconf 88' lang='lat' dir='ltr'>srmul</span> <span class='ocrx_word' id='word_1_142' title='bbox 1107 2065 1253 2177; x_wconf 92' lang='lat' dir='ltr'>sumpti</span> <span class='ocrx_word' id='word_1_143' title='bbox 1269 2082 1480 2177; x_wconf 86' lang='lat' dir='ltr'>aequentut</span> <span class='ocrx_word' id='word_1_144' title='bbox 1490 2061 1649 2147; x_wconf 91' lang='lat' dir='ltr'>duobus</span> <span class='ocrx_word' id='word_1_145' title='bbox 1662 2057 1794 2158; x_wconf 77' lang='lat' dir='ltr'>reslis,</span> <span class='ocrx_word' id='word_1_146' title='bbox 1813 2059 1856 2144; x_wconf 76' lang='lat' dir='ltr'>dc</span> <span class='ocrx_word' id='word_1_147' title='bbox 1873 2063 2004 2146; x_wconf 84' lang='lat' dir='ltr'>lineae</span> 
     </span>
     <span class='ocr_line' id='line_1_17' title="bbox 415 2185 2151 2360; baseline -0.001 -88"><span class='ocrx_word' id='word_1_148' title='bbox 415 2208 592 2298; x_wconf 87' lang='lat' dir='ltr'>quatuor</span> <span class='ocrx_word' id='word_1_149' title='bbox 622 2192 743 2312; x_wconf 86' lang='lat' dir='ltr'>PQ,</span> <span class='ocrx_word' id='word_1_150' title='bbox 772 2192 872 2289; x_wconf 86' lang='lat' dir='ltr'>PR,</span> <span class='ocrx_word' id='word_1_151' title='bbox 900 2191 995 2289; x_wconf 91' lang='lat' dir='ltr'>PS,</span> <span class='ocrx_word' id='word_1_152' title='bbox 1023 2191 1115 2276; x_wconf 87' lang='lat' dir='ltr'>PT</span> <span class='ocrx_word' id='word_1_153' title='bbox 1130 2193 1331 2280; x_wconf 86' lang='lat' dir='ltr'>ducantur</span> <span class='ocrx_word' id='word_1_154' title='bbox 1354 2187 1405 2275; x_wconf 88' lang='lat' dir='ltr'>ad</span> <span class='ocrx_word' id='word_1_155' title='bbox 1430 2187 1554 2274; x_wconf 85' lang='lat' dir='ltr'>latera</span> <span class='ocrx_word' id='word_1_156' title='bbox 1577 2185 1661 2296; x_wconf 88' lang='lat' dir='ltr'>ejus</span> <span class='ocrx_word' id='word_1_157' title='bbox 1681 2186 1751 2274; x_wconf 89' lang='lat' dir='ltr'>vel·</span> <span class='ocrx_word' id='word_1_158' title='bbox 1772 2185 2000 2301; x_wconf 87' lang='lat' dir='ltr'>perpendi-</span> <span class='ocrx_word' id='word_1_159' title='bbox 2149 2273 2151 2360; x_wconf 66' lang='lat' dir='ltr'>t</span> 
     </span>
     <span class='ocr_line' id='line_1_18' title="bbox 416 2319 2151 2433; baseline 0.006 -35"><span class='ocrx_word' id='word_1_160' title='bbox 416 2319 607 2406; x_wconf 88' lang='lat' dir='ltr'>culariter</span> <span class='ocrx_word' id='word_1_161' title='bbox 637 2325 703 2406; x_wconf 92' lang='lat' dir='ltr'>vel</span> <span class='ocrx_word' id='word_1_162' title='bbox 733 2323 776 2406; x_wconf 89' lang='lat' dir='ltr'>in</span> <span class='ocrx_word' id='word_1_163' title='bbox 804 2320 958 2428; x_wconf 86' lang='lat' dir='ltr'>angulis</span> <span class='ocrx_word' id='word_1_164' title='bbox 988 2321 1194 2433; x_wconf 88' lang='lat' dir='ltr'>quibusvis</span> <span class='ocrx_word' id='word_1_165' title='bbox 2142 2346 2151 2378; x_wconf 23' lang='grc' dir='ltr'>’Ν</span> 
     </span>
     <span class='ocr_line' id='line_1_19' title="bbox 418 2370 2148 2615; baseline 0.006 -93"><span class='ocrx_word' id='word_1_166' title='bbox 418 2444 653 2552; x_wconf 82' lang='lat' dir='ltr'>aequalibus,</span> <span class='ocrx_word' id='word_1_167' title='bbox 679 2445 807 2556; x_wconf 86' lang='lat' dir='ltr'>suque</span> <span class='ocrx_word' id='word_1_168' title='bbox 825 2441 1102 2552; x_wconf 71' lang='lat' dir='ltr'>redangulum</span> <span class='ocrx_word' id='word_1_169' title='bbox 1122 2446 1194 2532; x_wconf 94' lang='lat' dir='ltr'>sub</span> <span class='ocrx_word' id='word_1_170' title='bbox 2138 2370 2148 2615; x_wconf 58' lang='grc' dir='ltr'>Ι</span> 
     </span>
     <span class='ocr_line' id='line_1_20' title="bbox 1944 2572 1962 2634; baseline 0 0"><span class='ocrx_word' id='word_1_171' title='bbox 1944 2572 1962 2634; x_wconf 78' lang='lat' dir='ltr'>r</span> 
     </span>
    </p>
   </div>
   <div class='ocr_carea' id='block_1_7' title="bbox 419 2569 1926 3454">
    <p class='ocr_par' dir='ltr' id='par_1_7' title="bbox 420 2569 1196 2660">
     <span class='ocr_line' id='line_1_21' title="bbox 420 2569 1196 2660; baseline 0.005 -4"><span class='ocrx_word' id='word_1_172' title='bbox 420 2571 577 2657; x_wconf 89' lang='lat' dir='ltr'>duabus</span> <span class='ocrx_word' id='word_1_173' title='bbox 603 2569 731 2658; x_wconf 73' lang='lat' dir='ltr'>dudis</span> <span class='ocrx_word' id='word_1_174' title='bbox 763 2574 806 2658; x_wconf 95' lang='lat' dir='ltr'><em>P</em></span> <span class='ocrx_word' id='word_1_175' title='bbox 875 2591 908 2656; x_wconf 84' lang='lat' dir='ltr'>x</span> <span class='ocrx_word' id='word_1_176' title='bbox 929 2571 1015 2656; x_wconf 89' lang='lat' dir='ltr'>PR</span> <span class='ocrx_word' id='word_1_177' title='bbox 1042 2595 1076 2655; x_wconf 82' lang='lat' dir='ltr'>ae</span> <span class='ocrx_word' id='word_1_178' title='bbox 1107 2575 1196 2660; x_wconf 91' lang='lat' dir='ltr'>uale</span> 
     </span>
    </p>

    <p class='ocr_par' dir='ltr' id='par_1_8' title="bbox 419 2571 1926 2944">
     <span class='ocr_line' id='line_1_22' title="bbox 419 2571 1926 2812; baseline 0 -26"><span class='ocrx_word' id='word_1_179' title='bbox 419 2695 654 2812; x_wconf 69' lang='lat' dir='ltr'>tetrangulo</span> <span class='ocrx_word' id='word_1_180' title='bbox 685 2698 756 2782; x_wconf 90' lang='lat' dir='ltr'>sub</span> <span class='ocrx_word' id='word_1_181' title='bbox 797 2571 952 2782; x_wconf 51' lang='lat' dir='ltr'>dsgabus</span> <span class='ocrx_word' id='word_1_182' title='bbox 987 2597 1205 2784; x_wconf 74' lang='lat' dir='ltr'>aliiquS</span> <span class='ocrx_word' id='word_1_183' title='bbox 1380 2677 1495 2770; x_wconf 64' lang='lat' dir='ltr'>f·-</span> <span class='ocrx_word' id='word_1_184' title='bbox 1498 2617 1926 2742; x_wconf 60' lang='lat' dir='ltr'><em>s</em></span> 
     </span>
     <span class='ocr_line' id='line_1_23' title="bbox 428 2784 1441 2944; baseline 0.001 -28"><span class='ocrx_word' id='word_1_185' title='bbox 428 2829 571 2928; x_wconf 84' lang='lat' dir='ltr'>xPT,</span> <span class='ocrx_word' id='word_1_186' title='bbox 604 2831 730 2914; x_wconf 76' lang='lat' dir='ltr'>scdtio</span> <span class='ocrx_word' id='word_1_187' title='bbox 758 2835 903 2916; x_wconf 93' lang='lat' dir='ltr'>conica</span> <span class='ocrx_word' id='word_1_188' title='bbox 937 2829 1084 2915; x_wconf 89' lang='lat' dir='ltr'>evadet</span> <span class='ocrx_word' id='word_1_189' title='bbox 1119 2832 1194 2916; x_wconf 85' lang='lat' dir='ltr'>cir·</span> <span class='ocrx_word' id='word_1_190' title='bbox 1242 2784 1380 2938; x_wconf 49' lang='lat' dir='ltr'>gs</span> <span class='ocrx_word' id='word_1_191' title='bbox 1401 2875 1441 2944; x_wconf 43' lang='lat' dir='ltr'>,q</span> 
     </span>
    </p>

    <p class='ocr_par' dir='ltr' id='par_1_9' title="bbox 419 2953 1245 3068">
     <span class='ocr_line' id='line_1_24' title="bbox 419 2953 1245 3068; baseline 0.01 -30"><span class='ocrx_word' id='word_1_192' title='bbox 419 2955 547 3038; x_wconf 86' lang='lat' dir='ltr'>culus.</span> <span class='ocrx_word' id='word_1_193' title='bbox 598 2953 713 3039; x_wconf 89' lang='lat' dir='ltr'>Idem</span> <span class='ocrx_word' id='word_1_194' title='bbox 730 2955 814 3053; x_wconf 85' lang='lat' dir='ltr'>siet,</span> <span class='ocrx_word' id='word_1_195' title='bbox 833 2957 862 3039; x_wconf 88' lang='lat' dir='ltr'>fi</span> <span class='ocrx_word' id='word_1_196' title='bbox 882 2957 999 3039; x_wconf 85' lang='lat' dir='ltr'>lineae</span> <span class='ocrx_word' id='word_1_197' title='bbox 1021 2975 1195 3068; x_wconf 88' lang='lat' dir='ltr'>quatuor</span> <span class='ocrx_word' id='word_1_198' title='bbox 1227 2989 1245 3046; x_wconf 86' lang='lat' dir='ltr'>c</span> 
     </span>
    </p>

    <p class='ocr_par' dir='ltr' id='par_1_10' title="bbox 420 3075 1419 3191">
     <span class='ocr_line' id='line_1_25' title="bbox 420 3075 1419 3191; baseline 0 -27"><span class='ocrx_word' id='word_1_199' title='bbox 420 3078 624 3164; x_wconf 88' lang='lat' dir='ltr'>ducantur</span> <span class='ocrx_word' id='word_1_200' title='bbox 655 3078 699 3162; x_wconf 92' lang='lat' dir='ltr'>in</span> <span class='ocrx_word' id='word_1_201' title='bbox 726 3080 879 3188; x_wconf 89' lang='lat' dir='ltr'>angulis</span> <span class='ocrx_word' id='word_1_202' title='bbox 906 3076 1122 3191; x_wconf 87' lang='lat' dir='ltr'>quibusvis,</span> <span class='ocrx_word' id='word_1_203' title='bbox 1151 3079 1195 3163; x_wconf 86' lang='lat'>&amp;</span> <span class='ocrx_word' id='word_1_204' title='bbox 1414 3075 1419 3082; x_wconf 77' lang='grc'>’</span> 
     </span>
    </p>

    <p class='ocr_par' dir='ltr' id='par_1_11' title="bbox 420 3203 1526 3322">
     <span class='ocr_line' id='line_1_26' title="bbox 420 3203 1526 3314; baseline 0.007 -26"><span class='ocrx_word' id='word_1_205' title='bbox 420 3204 698 3314; x_wconf 71' lang='lat' dir='ltr'>redangulum</span> <span class='ocrx_word' id='word_1_206' title='bbox 738 3203 812 3288; x_wconf 91' lang='lat' dir='ltr'>sub</span> <span class='ocrx_word' id='word_1_207' title='bbox 856 3205 1013 3292; x_wconf 86' lang='lat' dir='ltr'>duabus</span> <span class='ocrx_word' id='word_1_208' title='bbox 1066 3205 1196 3292; x_wconf 72' lang='lat' dir='ltr'>dudis</span> <span class='ocrx_word' id='word_1_209' title='bbox 1461 3211 1526 3260; x_wconf 61' lang='lat'>²</span> 
     </span>
    </p>

    <p class='ocr_par' dir='ltr' id='par_1_12' title="bbox 420 3320 1430 3454">
     <span class='ocr_line' id='line_1_27' title="bbox 420 3320 1430 3454; baseline 0.001 -39"><span class='ocrx_word' id='word_1_210' title='bbox 420 3327 551 3450; x_wconf 87' lang='lat' dir='ltr'>PQx</span> <span class='ocrx_word' id='word_1_211' title='bbox 566 3331 652 3416; x_wconf 90' lang='lat' dir='ltr'>PR</span> <span class='ocrx_word' id='word_1_212' title='bbox 678 3329 724 3413; x_wconf 90' lang='lat' dir='ltr'>srt</span> <span class='ocrx_word' id='word_1_213' title='bbox 745 3327 797 3412; x_wconf 92' lang='lat' dir='ltr'>ad</span> <span class='ocrx_word' id='word_1_214' title='bbox 819 3333 1095 3442; x_wconf 69' lang='lat' dir='ltr'>redargutum</span> <span class='ocrx_word' id='word_1_215' title='bbox 1122 3329 1194 3415; x_wconf 94' lang='lat' dir='ltr'>sub</span> <span class='ocrx_word' id='word_1_216' title='bbox 1314 3320 1430 3454; x_wconf 40' lang='lat' dir='ltr'>,lys</span> 
     </span>
    </p>
   </div>
   <div class='ocr_carea' id='block_1_8' title="bbox 420 3453 1192 3542">
    <p class='ocr_par' dir='ltr' id='par_1_13' title="bbox 420 3453 1192 3542">
     <span class='ocr_line' id='line_1_28' title="bbox 420 3453 1192 3542; baseline -0.003 0"><span class='ocrx_word' id='word_1_217' title='bbox 420 3457 506 3542; x_wconf 85' lang='lat' dir='ltr'>aliis</span> <span class='ocrx_word' id='word_1_218' title='bbox 530 3456 683 3542; x_wconf 90' lang='lat' dir='ltr'>duabus</span> <span class='ocrx_word' id='word_1_219' title='bbox 710 3454 792 3540; x_wconf 89' lang='lat' dir='ltr'>PS</span> <span class='ocrx_word' id='word_1_220' title='bbox 801 3478 832 3542; x_wconf 82' lang='lat' dir='ltr'>x</span> <span class='ocrx_word' id='word_1_221' title='bbox 847 3453 942 3540; x_wconf 88' lang='lat' dir='ltr'>PT</span> <span class='ocrx_word' id='word_1_222' title='bbox 965 3477 1009 3540; x_wconf 91' lang='lat' dir='ltr'>ut</span> <span class='ocrx_word' id='word_1_223' title='bbox 1034 3457 1192 3540; x_wconf 81' lang='lat' dir='ltr'>redlan·</span> 
     </span>
    </p>
   </div>
   <div class='ocr_carea' id='block_1_9' title="bbox 422 3577 1475 3814">
    <p class='ocr_par' dir='ltr' id='par_1_14' title="bbox 422 3577 1475 3814">
     <span class='ocr_line' id='line_1_29' title="bbox 422 3577 1197 3692; baseline -0.003 -28"><span class='ocrx_word' id='word_1_224' title='bbox 422 3583 565 3692; x_wconf 89' lang='lat' dir='ltr'>gulum</span> <span class='ocrx_word' id='word_1_225' title='bbox 577 3578 647 3665; x_wconf 84' lang='lat' dir='ltr'>sub&#39;</span> <span class='ocrx_word' id='word_1_226' title='bbox 664 3577 822 3663; x_wconf 88' lang='lat' dir='ltr'>smubus</span> <span class='ocrx_word' id='word_1_227' title='bbox 840 3580 1136 3687; x_wconf 85' lang='lat' dir='ltr'>angulorumS,</span> <span class='ocrx_word' id='word_1_228' title='bbox 1150 3577 1197 3678; x_wconf 90' lang='lat' dir='ltr'>T,</span> 
     </span>
     <span class='ocr_line' id='line_1_30' title="bbox 424 3701 1475 3814; baseline -0.002 -24"><span class='ocrx_word' id='word_1_229' title='bbox 424 3703 635 3814; x_wconf 85' lang='lat' dir='ltr'>inquibus</span> <span class='ocrx_word' id='word_1_230' title='bbox 661 3701 753 3785; x_wconf 85' lang='lat' dir='ltr'>duae</span> <span class='ocrx_word' id='word_1_231' title='bbox 784 3701 937 3784; x_wconf 85' lang='lat' dir='ltr'>ultimae</span> <span class='ocrx_word' id='word_1_232' title='bbox 965 3701 1067 3799; x_wconf 92' lang='lat' dir='ltr'>PS,</span> <span class='ocrx_word' id='word_1_233' title='bbox 1107 3704 1206 3790; x_wconf 87' lang='lat' dir='ltr'>PT</span> <span class='ocrx_word' id='word_1_234' title='bbox 1315 3721 1359 3792; x_wconf 82' lang='grc' dir='ltr'>Α</span> <span class='ocrx_word' id='word_1_235' title='bbox 1441 3729 1475 3804; x_wconf 71' lang='lat' dir='ltr'>v</span> 
     </span>
    </p>
   </div>
   <div class='ocr_carea' id='block_1_10' title="bbox 425 3819 2148 4950">
    <p class='ocr_par' dir='ltr' id='par_1_15' title="bbox 425 3819 2013 4070">
     <span class='ocr_line' id='line_1_31' title="bbox 425 3819 2013 3976; baseline 0.002 -60"><span class='ocrx_word' id='word_1_236' title='bbox 425 3830 649 3926; x_wconf 89' lang='lat' dir='ltr'>ducuntur,</span> <span class='ocrx_word' id='word_1_237' title='bbox 677 3826 728 3911; x_wconf 85' lang='lat' dir='ltr'>ad</span> <span class='ocrx_word' id='word_1_238' title='bbox 755 3827 1032 3934; x_wconf 79' lang='lat' dir='ltr'>rectangulum</span> <span class='ocrx_word' id='word_1_239' title='bbox 1052 3826 1124 3912; x_wconf 91' lang='lat' dir='ltr'>sub</span> <span class='ocrx_word' id='word_1_240' title='bbox 1152 3830 1327 3922; x_wconf 74' lang='lat' dir='ltr'>sinubus</span> <span class='ocrx_word' id='word_1_241' title='bbox 1340 3835 1667 3976; x_wconf 75' lang='lat' dir='ltr'>angulorqu,</span> <span class='ocrx_word' id='word_1_242' title='bbox 1700 3835 1797 3935; x_wconf 92' lang='lat' dir='ltr'>R,</span> <span class='ocrx_word' id='word_1_243' title='bbox 1786 3863 1828 3922; x_wconf 88' lang='lat' dir='ltr'>rn</span> <span class='ocrx_word' id='word_1_244' title='bbox 1847 3819 2013 3950; x_wconf 83' lang='lat' dir='ltr'>quibus</span> 
     </span>
     <span class='ocr_line' id='line_1_32' title="bbox 426 3949 1997 4094; baseline 0.001 -55"><span class='ocrx_word' id='word_1_245' title='bbox 426 3953 522 4040; x_wconf 83' lang='lat' dir='ltr'>duae</span> <span class='ocrx_word' id='word_1_246' title='bbox 549 3951 692 4063; x_wconf 86' lang='lat' dir='ltr'>primae</span> <span class='ocrx_word' id='word_1_247' title='bbox 715 3951 842 4094; x_wconf 91' lang='lat' dir='ltr'>PQ,</span> <span class='ocrx_word' id='word_1_248' title='bbox 870 3950 964 4033; x_wconf 93' lang='lat' dir='ltr'>PR</span> <span class='ocrx_word' id='word_1_249' title='bbox 992 3949 1211 4041; x_wconf 90' lang='lat' dir='ltr'>ducuntur.</span> <span class='ocrx_word' id='word_1_250' title='bbox 1267 3959 1476 4044; x_wconf 83' lang='lat' dir='ltr'>Caeteris</span> <span class='ocrx_word' id='word_1_251' title='bbox 1466 3987 1506 4044; x_wconf 90' lang='lat' dir='ltr'>rn</span> <span class='ocrx_word' id='word_1_252' title='bbox 1536 3959 1686 4044; x_wconf 86' lang='lat' dir='ltr'>casrbus</span> <span class='ocrx_word' id='word_1_253' title='bbox 1712 3959 1826 4042; x_wconf 91' lang='lat' dir='ltr'>locus</span> <span class='ocrx_word' id='word_1_254' title='bbox 1854 3955 1997 4070; x_wconf 70' lang='lat' dir='ltr'>puncti</span> 
     </span>
    </p>

    <p class='ocr_par' dir='ltr' id='par_1_16' title="bbox 426 4075 2147 4324">
     <span class='ocr_line' id='line_1_33' title="bbox 426 4075 2147 4196; baseline 0.001 -31"><span class='ocrx_word' id='word_1_255' title='bbox 426 4081 473 4165; x_wconf 90' lang='lat' dir='ltr'><em>P</em></span> <span class='ocrx_word' id='word_1_256' title='bbox 491 4080 568 4168; x_wconf 90' lang='lat' dir='ltr'>etit</span> <span class='ocrx_word' id='word_1_257' title='bbox 590 4079 720 4192; x_wconf 87' lang='lat' dir='ltr'>aliqua</span> <span class='ocrx_word' id='word_1_258' title='bbox 740 4080 861 4164; x_wconf 89' lang='lat' dir='ltr'>trium</span> <span class='ocrx_word' id='word_1_259' title='bbox 889 4075 1122 4187; x_wconf 86' lang='lat' dir='ltr'>figurarum,</span> <span class='ocrx_word' id='word_1_260' title='bbox 1146 4109 1240 4196; x_wconf 83' lang='lat' dir='ltr'>quae</span> <span class='ocrx_word' id='word_1_261' title='bbox 1265 4089 1387 4195; x_wconf 87' lang='lat' dir='ltr'>vulgo</span> <span class='ocrx_word' id='word_1_262' title='bbox 1413 4085 1674 4170; x_wconf 87' lang='lat' dir='ltr'>nominantur</span> <span class='ocrx_word' id='word_1_263' title='bbox 1693 4085 1890 4172; x_wconf 74' lang='lat' dir='ltr'>sectiones</span> <span class='ocrx_word' id='word_1_264' title='bbox 1920 4111 1992 4168; x_wconf 92' lang='lat' dir='ltr'>co-</span> <span class='ocrx_word' id='word_1_265' title='bbox 2146 4123 2147 4138; x_wconf 24' lang='grc' dir='ltr'><strong><em>κ</em></strong></span> 
     </span>
     <span class='ocr_line' id='line_1_34' title="bbox 426 4201 1993 4324; baseline -0.002 -32"><span class='ocrx_word' id='word_1_266' title='bbox 426 4208 543 4292; x_wconf 86' lang='lat' dir='ltr'>nicae.</span> <span class='ocrx_word' id='word_1_267' title='bbox 600 4201 708 4288; x_wconf 89' lang='lat' dir='ltr'>Vice</span> <span class='ocrx_word' id='word_1_268' title='bbox 737 4224 872 4286; x_wconf 86' lang='lat' dir='ltr'>autern</span> <span class='ocrx_word' id='word_1_269' title='bbox 896 4205 1064 4312; x_wconf 88' lang='lat' dir='ltr'>trapezii</span> <span class='ocrx_word' id='word_1_270' title='bbox 1085 4206 1179 4288; x_wconf 86' lang='lat' dir='ltr'>AB</span> <span class='ocrx_word' id='word_1_271' title='bbox 1193 4209 1286 4293; x_wconf 90' lang='lat' dir='ltr'>CD</span> <span class='ocrx_word' id='word_1_272' title='bbox 1312 4209 1491 4294; x_wconf 90' lang='lat' dir='ltr'>substitui</span> <span class='ocrx_word' id='word_1_273' title='bbox 1509 4209 1639 4321; x_wconf 89' lang='lat' dir='ltr'>potesl</span> <span class='ocrx_word' id='word_1_274' title='bbox 1662 4209 1993 4324; x_wconf 87' lang='lat' dir='ltr'>quadrilaterum,</span> 
     </span>
    </p>

    <p class='ocr_par' dir='ltr' id='par_1_17' title="bbox 428 4327 2000 4444">
     <span class='ocr_line' id='line_1_35' title="bbox 428 4327 2000 4444; baseline -0.001 -30"><span class='ocrx_word' id='word_1_275' title='bbox 428 4329 541 4438; x_wconf 85' lang='lat' dir='ltr'>cujus</span> <span class='ocrx_word' id='word_1_276' title='bbox 567 4331 690 4412; x_wconf 83' lang='lat' dir='ltr'>latera</span> <span class='ocrx_word' id='word_1_277' title='bbox 726 4327 811 4411; x_wconf 94' lang='lat' dir='ltr'>duo</span> <span class='ocrx_word' id='word_1_278' title='bbox 846 4327 1029 4439; x_wconf 87' lang='lat' dir='ltr'>opposrta</span> <span class='ocrx_word' id='word_1_279' title='bbox 1066 4327 1106 4412; x_wconf 89' lang='lat' dir='ltr'>sc</span> <span class='ocrx_word' id='word_1_280' title='bbox 1139 4352 1285 4419; x_wconf 88' lang='lat' dir='ltr'>mutuo</span> <span class='ocrx_word' id='word_1_281' title='bbox 1313 4333 1431 4419; x_wconf 89' lang='lat' dir='ltr'>instar</span> <span class='ocrx_word' id='word_1_282' title='bbox 1469 4335 1742 4444; x_wconf 88' lang='lat' dir='ltr'>diagonalium</span> <span class='ocrx_word' id='word_1_283' title='bbox 1776 4331 2000 4420; x_wconf 70' lang='lat' dir='ltr'>decutiant.</span> 
     </span>
    </p>

    <p class='ocr_par' dir='ltr' id='par_1_18' title="bbox 428 4453 2148 4950">
     <span class='ocr_line' id='line_1_36' title="bbox 430 4453 2148 4572; baseline 0.001 -35"><span class='ocrx_word' id='word_1_284' title='bbox 430 4454 513 4540; x_wconf 88' lang='lat' dir='ltr'>Sed</span> <span class='ocrx_word' id='word_1_285' title='bbox 532 4453 574 4537; x_wconf 72' lang='grc' dir='ltr'>δι</span> <span class='ocrx_word' id='word_1_286' title='bbox 593 4483 615 4538; x_wconf 91' lang='lat' dir='ltr'>e</span> <span class='ocrx_word' id='word_1_287' title='bbox 634 4453 790 4565; x_wconf 80' lang='lat' dir='ltr'>punctis</span> <span class='ocrx_word' id='word_1_288' title='bbox 809 4474 984 4568; x_wconf 89' lang='lat' dir='ltr'>quatuor</span> <span class='ocrx_word' id='word_1_289' title='bbox 1006 4457 1063 4553; x_wconf 90' lang='lat' dir='ltr'>A,</span> <span class='ocrx_word' id='word_1_290' title='bbox 1082 4456 1132 4554; x_wconf 92' lang='lat' dir='ltr'>B,</span> <span class='ocrx_word' id='word_1_291' title='bbox 1151 4459 1196 4557; x_wconf 91' lang='lat' dir='ltr'>C,</span> <span class='ocrx_word' id='word_1_292' title='bbox 1221 4461 1277 4542; x_wconf 91' lang='lat' dir='ltr'><em>D</em></span> <span class='ocrx_word' id='word_1_293' title='bbox 1295 4458 1455 4572; x_wconf 89' lang='lat' dir='ltr'>possunt</span> <span class='ocrx_word' id='word_1_294' title='bbox 1478 4487 1604 4546; x_wconf 88' lang='lat' dir='ltr'>unum</span> <span class='ocrx_word' id='word_1_295' title='bbox 1623 4465 1688 4546; x_wconf 91' lang='lat' dir='ltr'>vel</span> <span class='ocrx_word' id='word_1_296' title='bbox 1707 4462 1792 4548; x_wconf 92' lang='lat' dir='ltr'>duo</span> <span class='ocrx_word' id='word_1_297' title='bbox 1812 4461 1923 4544; x_wconf 87' lang='lat' dir='ltr'>abire</span> <span class='ocrx_word' id='word_1_298' title='bbox 1941 4457 1991 4540; x_wconf 87' lang='lat' dir='ltr'>ad</span> <span class='ocrx_word' id='word_1_299' title='bbox 2147 4487 2148 4496; x_wconf 45' lang='lat'>¹</span> 
     </span>
     <span class='ocr_line' id='line_1_37' title="bbox 430 4581 2148 4700; baseline -0.002 -32"><span class='ocrx_word' id='word_1_300' title='bbox 430 4581 647 4678; x_wconf 87' lang='lat' dir='ltr'>inlinitum,</span> <span class='ocrx_word' id='word_1_301' title='bbox 675 4605 808 4691; x_wconf 88' lang='lat' dir='ltr'>eoque</span> <span class='ocrx_word' id='word_1_302' title='bbox 832 4583 950 4692; x_wconf 77' lang='lat' dir='ltr'>padio</span> <span class='ocrx_word' id='word_1_303' title='bbox 969 4582 1093 4666; x_wconf 87' lang='lat' dir='ltr'>latera</span> <span class='ocrx_word' id='word_1_304' title='bbox 1112 4583 1266 4694; x_wconf 86' lang='lat' dir='ltr'>figurae,</span> <span class='ocrx_word' id='word_1_305' title='bbox 1286 4611 1378 4700; x_wconf 86' lang='lat' dir='ltr'>quae</span> <span class='ocrx_word' id='word_1_306' title='bbox 1398 4586 1447 4670; x_wconf 91' lang='lat' dir='ltr'>ad</span> <span class='ocrx_word' id='word_1_307' title='bbox 1471 4589 1618 4700; x_wconf 78' lang='lat' dir='ltr'>pundla</span> <span class='ocrx_word' id='word_1_308' title='bbox 1642 4587 1707 4671; x_wconf 92' lang='lat' dir='ltr'>illa</span> <span class='ocrx_word' id='word_1_309' title='bbox 1726 4603 1994 4696; x_wconf 83' lang='lat' dir='ltr'>convergunt,</span> <span class='ocrx_word' id='word_1_310' title='bbox 2147 4581 2148 4586; x_wconf 60' lang='lat'>‘</span> 
     </span>
     <span class='ocr_line' id='line_1_38' title="bbox 430 4707 1996 4826; baseline -0.003 -30"><span class='ocrx_word' id='word_1_311' title='bbox 430 4711 604 4796; x_wconf 89' lang='lat' dir='ltr'>evadere</span> <span class='ocrx_word' id='word_1_312' title='bbox 631 4709 837 4816; x_wconf 81' lang='lat' dir='ltr'>parallelo:</span> <span class='ocrx_word' id='word_1_313' title='bbox 873 4734 958 4820; x_wconf 93' lang='lat' dir='ltr'>quo</span> <span class='ocrx_word' id='word_1_314' title='bbox 989 4710 1030 4794; x_wconf 97' lang='lat' dir='ltr'>in</span> <span class='ocrx_word' id='word_1_315' title='bbox 1063 4707 1157 4794; x_wconf 89' lang='lat' dir='ltr'>casu</span> <span class='ocrx_word' id='word_1_316' title='bbox 1187 4710 1311 4796; x_wconf 76' lang='lat' dir='ltr'>sedio</span> <span class='ocrx_word' id='word_1_317' title='bbox 1343 4714 1486 4798; x_wconf 90' lang='lat' dir='ltr'>conica</span> <span class='ocrx_word' id='word_1_318' title='bbox 1519 4713 1697 4798; x_wconf 89' lang='lat' dir='ltr'>transrbit</span> <span class='ocrx_word' id='word_1_319' title='bbox 1738 4737 1811 4826; x_wconf 87' lang='lat' dir='ltr'>per</span> <span class='ocrx_word' id='word_1_320' title='bbox 1847 4732 1996 4794; x_wconf 86' lang='lat' dir='ltr'>caetera</span> 
     </span>
     <span class='ocr_line' id='line_1_39' title="bbox 428 4831 1606 4950; baseline -0.003 -23"><span class='ocrx_word' id='word_1_321' title='bbox 428 4836 587 4950; x_wconf 63' lang='lat' dir='ltr'>puncta,</span> <span class='ocrx_word' id='word_1_322' title='bbox 615 4831 658 4918; x_wconf 77' lang='lat' dir='ltr'>dt</span> <span class='ocrx_word' id='word_1_323' title='bbox 676 4833 717 4919; x_wconf 94' lang='lat' dir='ltr'>in</span> <span class='ocrx_word' id='word_1_324' title='bbox 732 4833 864 4946; x_wconf 86' lang='lat' dir='ltr'>plagas</span> <span class='ocrx_word' id='word_1_325' title='bbox 883 4833 1157 4945; x_wconf 74' lang='lat' dir='ltr'>parallelorum</span> <span class='ocrx_word' id='word_1_326' title='bbox 1182 4835 1306 4922; x_wconf 87' lang='lat' dir='ltr'>abibit</span> <span class='ocrx_word' id='word_1_327' title='bbox 1324 4837 1365 4924; x_wconf 91' lang='lat' dir='ltr'>in</span> <span class='ocrx_word' id='word_1_328' title='bbox 1392 4838 1606 4924; x_wconf 84' lang='lat' dir='ltr'>infinitum.</span> 
     </span>
    </p>
   </div>
   <div class='ocr_carea' id='block_1_11' title="bbox 1733 5013 2147 5174">
    <p class='ocr_par' dir='ltr' id='par_1_19' title="bbox 1733 5013 2147 5174">
     <span class='ocr_line' id='line_1_40' title="bbox 1733 5013 2147 5174; baseline -0.01 0"><span class='ocrx_word' id='word_1_329' title='bbox 1733 5083 1997 5174; x_wconf 77' lang='lat' dir='ltr'>numun-</span> <span class='ocrx_word' id='word_1_330' title='bbox 2145 5013 2147 5048; x_wconf 80' lang='lat'>&#39;</span> 
     </span>
    </p>
   </div>
   <div class='ocr_carea' id='block_1_12' title="bbox 0 0 2190 5656">
    <p class='ocr_par' dir='ltr' id='par_1_20' title="bbox 0 0 2190 5656">
     <span class='ocr_line' id='line_1_41' title="bbox 0 0 2190 5656; baseline 0 0"><span class='ocrx_word' id='word_1_331' title='bbox 0 0 2190 5656; x_wconf 95' lang='lat' dir='ltr'> </span> 
     </span>
    </p>
   </div>
  </div>
 </body>
</html>
