4338 5656
398 253 800 351 PRINCIPIA
839 237 1428 342 MATHEMATICA.
1624 235 1725 356 465

174 456 226 535 90
250 422 438 536 gradibus
461 421 607 506 distant
629 446 651 500 a
670 416 767 514 sole,
795 414 873 500 srve
892 414 1024 498 elevet
1046 411 1218 496 eandem
1240 409 1282 490 in
1305 403 1538 512 regionibus
1558 401 1628 486 sub
1650 399 1733 484 sole
1749 398 1935 541 Tffisslgs

175 550 219 635 dc
236 551 308 635 soli
331 546 537 659 oppositis,
564 546 649 627 haec
679 543 832 623 summa
862 542 940 624 erit
968 560 1055 621 tota
1080 536 1170 618 solis
1191 535 1249 617 vis
1270 534 1321 617 ad
1346 558 1456 615 mare
1477 529 1735 638 agitandum
1940 511 1947 530 ’

174 675 217 758 &
237 674 414 760 eundem
434 669 598 754 babebit
616 663 820 761 efferum,
853 691 899 746 ac
924 662 952 746 fi
973 681 1058 744 tota
1079 661 1121 743 in
1142 658 1375 766 regionibus
1399 655 1471 739 sub
1497 655 1578 738 sole
1600 655 1644 737 &
1667 651 1740 738 soli

172 798 366 911 opposrtis
380 823 490 881 mare
506 797 695 887 elevaret,
722 791 764 873 in
785 788 1017 898 regionibus
1038 805 1174 869 autem
1196 808 1288 892 quae
1307 810 1360 887 90
1379 781 1569 890 gradibus
1591 780 1738 865 distant

175 953 196 1009 a
215 924 297 1008 sole
318 922 375 1006 nil
395 939 546 1029 ageret.

229 1044 338 1132 Haec
364 1044 421 1126 est
449 1045 508 1126 vis
533 1041 624 1124 solis
652 1039 703 1123 ad
736 1065 846 1122 mare
870 1035 1063 1120 ciendum
1088 1035 1131 1118 in
1152 1034 1248 1116 loco
1274 1032 1419 1144 quovis
1445 1031 1558 1127 dato,
1584 1031 1655 1116 ubi
1680 1029 1739 1119 sol

175 1173 324 1255 tamin
346 1168 501 1251 vertice
524 1165 606 1248 loci
638 1163 816 1246 versatur
836 1185 958 1271 quam
985 1159 1025 1240 in
1054 1156 1254 1240 mediocri
1280 1158 1348 1238 sua
1367 1154 1549 1238 distantia
1576 1181 1597 1236 a
1617 1175 1735 1238 terra.

174 1296 219 1380 ln
240 1294 323 1378 aliis
348 1291 437 1375 solis
454 1286 719 1399 positionibus
742 1286 800 1368 vis
824 1283 874 1366 ad
895 1306 1005 1363 mare
1023 1279 1292 1365 attollendum
1319 1277 1376 1360 est
1405 1297 1450 1360 ut
1474 1278 1577 1360 stnus
1604 1278 1740 1359 versus

174 1420 310 1530 duplae
331 1414 554 1500 altitudinis
574 1412 666 1495 solis
690 1410 807 1519 supra
830 1405 1091 1490 horizontem
1111 1403 1193 1486 loci
1214 1397 1367 1484 diretle
1386 1401 1427 1484 dr
1451 1403 1579 1486 cubus
1597 1400 1742 1487 dillan-

175 1546 242 1630 tiae
269 1541 358 1626 solis
388 1568 408 1622 a
430 1560 538 1622 terra
558 1534 693 1620 invers
718 1599 725 1614 .

229 1667 356 1750 Corol.
384 1661 495 1745 Cum
522 1661 582 1743 vis
606 1656 833 1765 centrifuga
857 1653 1033 1764 partium
1061 1671 1181 1736 terrae
1202 1679 1223 1734 a
1244 1651 1393 1736 diurno
1414 1672 1533 1735 terrae
1557 1668 1674 1735 motu
1696 1678 1742 1734 o·

175 1790 334 1885 riunda,
361 1812 454 1899 quae
474 1782 531 1867 est
557 1781 607 1865 ad
634 1780 717 1863 vim
747 1777 951 1887 gravitatis
976 1797 1022 1858 ut
1057 1802 1074 1855 1
1104 1775 1154 1857 ad
1182 1775 1275 1879 289,
1303 1773 1455 1858 efficiat
1487 1795 1532 1858 ut
1563 1775 1737 1858 altitudo

176 1940 289 2026 aquae
308 1910 378 1994 sub
398 1925 603 2018 aequatore
622 1902 782 2013 superet
801 1901 884 2008 ejus
903 1898 1159 1982 altitudinem
1178 1897 1249 1981 sub
1267 1900 1369 2006 polis
1388 1897 1570 1982 mensura
1584 1899 1758 2007 pedum

177 2032 456 2142 Peristenstum
477 2030 617 2134 85472‚
644 2046 689 2111 ut
713 2023 828 2135 supra
848 2023 889 2107 in
910 2048 1025 2133 prop.
1042 2023 1134 2116 xix3
1164 2022 1223 2104 vis
1245 2019 1379 2105 solaris
1402 2023 1455 2105 de
1470 2048 1549 2133 qua
1568 2025 1739 2130 egimus,

179 2186 274 2245 cum
293 2159 337 2241 stt
355 2157 406 2239 ad
422 2157 506 2239 vim
524 2150 728 2261 gravitatis
750 2170 795 2229 ut
820 2176 839 2227 1
861 2146 914 2229 ad
940 2145 1161 2240 12868200,
1187 2166 1309 2255 atque
1338 2147 1436 2228 ideo
1460 2148 1510 2229 ad
1530 2147 1612 2230 vim
1632 2149 1738 2231 illam

178 2277 449 2386 centrifugam
467 2296 513 2358 ut
531 2274 609 2378 289
626 2271 677 2353 ad
701 2267 911 2351 12868200
932 2267 1002 2350 seu
1029 2296 1046 2347 1
1067 2267 1118 2350 ad
1137 2294 1285 2371 44527,
1314 2265 1469 2351 efficiet
1495 2289 1539 2352 ut
1567 2271 1740 2355 altitudo

179 2429 294 2513 aquae
314 2402 358 2482 in
379 2395 611 2507 regionibus
627 2391 696 2476 sub
714 2389 796 2474 sole
816 2389 858 2471 δι
881 2387 953 2472 soli
973 2385 1165 2498 oppofitis
1192 2388 1352 2496 superet
1370 2389 1626 2474 altitudinem
1658 2393 1742 2501 ejus

182 2532 226 2614 in
244 2520 358 2618 locis,
380 2545 472 2629 quae
491 2546 543 2624 90
562 2513 749 2626 gradibus
769 2511 913 2595 distant
932 2539 953 2594 a
972 2511 1068 2602 sole,
1099 2509 1279 2594 mensura
1303 2531 1462 2595 tantum
1487 2515 1602 2623 pedis
1622 2517 1741 2599 unius

186 2639 421 2749 Parifiensts
433 2641 475 2726 &
489 2640 714 2747 digitorum
728 2635 919 2720 undecim
935 2661 1031 2720 cum
1048 2635 1245 2720 tricesima
1266 2657 1380 2746 parte
1397 2637 1527 2747 digiti.
1546 2637 1616 2724 Est
1631 2641 1742 2726 enim

180 2769 268 2855 haec
289 2765 474 2851 mensura
491 2762 544 2849 ad
561 2759 786 2847 mensuram
806 2758 959 2868 pedutn
983 2757 1112 2864 85472
1138 2781 1184 2846 ut
1214 2789 1232 2841 1
1257 2759 1307 2845 ad
1329 2788 1471 2868 44527.

191 3083 700 3228 'enonostrto
736 3123 985 3222 xxxvn.
1063 3125 1472 3220 unossuenta
1521 3127 1694 3228 xvnt.

479 3356 686 3459 Invenire
708 3351 802 3454 vim
824 3355 935 3452 lunae
957 3352 1025 3450 ad
1035 3391 1164 3452 mare
1185 3355 1457 3456 movendum.

237 3639 312 3728 Vis
327 3644 434 3729 lunae
449 3642 501 3728 ad
517 3664 628 3726 mare
641 3638 891 3724 movendum
909 3639 1136 3749 colligenda
1156 3640 1283 3724 estex
1302 3639 1386 3747 ejus
1404 3645 1672 3754 proportione
1684 3648 1741 3734 ad

183 3766 267 3849 rim
280 3764 383 3863 solis,
405 3764 449 3848 dt
466 3764 552 3848 haec
567 3766 783 3874 proportio
798 3763 1026 3873 colligenda
1042 3764 1100 3848 est
1117 3788 1171 3848 ex
1182 3765 1451 3874 proportione
1465 3788 1652 3855 motuum
1662 3795 1746 3858 ma·

183 3888 250 3985 ris,
267 3889 339 3999 qui
353 3888 403 3973 ab
417 3889 476 3971 his
494 3887 646 3972 viribus
664 3887 860 3972 oriuntur.
893 3891 1005 3973 Ante
1024 3885 1169 3972 ostium
1189 3887 1306 3972 fluvii
1325 3890 1478 3972 Avonae
1497 3892 1548 3975 ad
1567 3894 1771 4004 lapidem

184 4011 352 4095 tertium
380 4009 483 4093 infra
509 4010 752 4113 Brisloliunr‚
780 4032 968 4122 tempore
999 4037 1128 4096 verno
1158 4010 1202 4094 dt
1233 4015 1452 4098 autumnali
1484 4035 1594 4100 totus
1628 4044 1745 4132 aquae

182 4130 364 4219 ascensus
385 4132 427 4214 in
459 4129 745 4239 conjundione
765 4133 807 4216 dt
832 4133 1087 4245 oppositione
1112 4135 1386 4232 luminarium,
1415 4137 1653 4226 observante
1674 4147 1747 4227 Sa.

181 4254 308 4339 maele
326 4254 517 4351 Sturmio,
543 4255 600 4339 est
626 4254 781 4366 pedum
812 4257 899 4368 plus
925 4255 1058 4338 minus
1079 4285 1143 4360 45,
1170 4257 1212 4340 in
1245 4258 1500 4368 quadraturis
1529 4283 1667 4349 autem
1688 4266 1747 4351 est

182 4377 338 4488 pedum
358 4397 516 4462 tantum
539 4406 601 4482 25.
656 4379 851 4464 Altitudo
880 4379 993 4490 prior
1021 4405 1076 4464 ex
1104 4378 1256 4466 summa
1276 4383 1435 4477 virium,
1468 4386 1667 4495 posterior
1691 4416 1747 4477 ex

184 4498 407 4587 earundem
433 4498 664 4587 differentia
691 4505 833 4590 oritur.
888 4502 996 4588 Solia
1021 4505 1210 4612 igitur&
1238 4507 1344 4595 lunae
1366 4511 1408 4593 in
1428 4535 1635 4624 aequatore
1658 4541 1748 4600 ver·

186 4621 357 4705 santium
375 4625 418 4708 δι
442 4626 707 4712 mediocriter
725 4657 747 4714 a
767 4649 870 4713 terra
891 4626 1124 4715 distantium
1145 4631 1263 4718 sunto
1291 4631 1396 4720 vires
1411 4635 1442 4720 S
1458 4632 1505 4720 dt
1523 4637 1578 4739 L,
1604 4637 1649 4722 dc
1666 4643 1747 4728 etit

188 4741 313 4854 L†S
333 4746 385 4833 ad
404 4746 528 4835 L-S
545 4770 591 4836 ut
611 4778 663 4859 45
683 4752 735 4839 ad
754 4780 821 4858 25,
847 4749 916 4840 seu
938 4780 962 4858 9
984 4751 1034 4837 ad
1056 4781 1092 4855 5.
1393 4747 1397 4756 ’

971 4875 1105 4966 Ooo
1703 4887 1749 4979 lu
