4450 5674
464 226 1500 372 vitiivciiiaitiriiuitartcn
1716 267 1769 332 11

214 419 348 515 instar,
385 411 592 524 effedibus
627 413 732 498 veris
767 413 938 497 omnino
974 409 1261 508 destituuntur,
1301 409 1371 493 nisi
1406 427 1603 522 quatenus
1633 411 2010 496 verumhzttvttt-

214 547 326 633 illum
356 543 400 628 dt
426 543 592 628 uuicum
622 559 781 625 motum
809 539 1061 651 participant.
1117 535 1299 620 Unde&
1326 538 1369 620 in
1390 535 1598 646 systemate
1624 520 1903 633 eorum-,⁰⁸⁸⁸

213 672 285 780 qui
317 672 448 753 coelos
480 667 638 754 nostros
670 665 773 748 infra
800 665 938 748 coelos
975 660 1146 746 lixarum
1184 660 1225 742 iti
1258 661 1401 744 orbem
1432 659 1586 742 revolvi
1622 657 1781 752 volunt,

214 793 260 878 dc
298 797 473 906 planetas
510 793 645 877 seeum
681 789 869 884 deferre;
918 788 1081 896 singulae
1114 788 1317 870 coelorum
1349 805 1494 896 partes,
1534 781 1577 866 δε
1610 785 1781 894 planete

214 923 286 1034 qui
319 922 484 1006 relative
517 919 687 1032 quidem
718 916 760 999 iii
792 915 908 998 coelis
939 915 1018 999 suis
1050 913 1248 1026 proximis
1286 914 1514 1025 quiescunt,
1563 925 1782 994 moventur

214 1073 326 1134 vere.
383 1047 552 1133 Mutant
580 1047 693 1129 enim
719 1041 935 1154 positiones
965 1043 1050 1128 suas
1077 1041 1127 1126 ad
1155 1041 1334 1126 invicem
1362 1041 1493 1144 (secus
1520 1061 1642 1153 quam
1671 1039 1715 1122 sit
1737 1039 1782 1121 iit

216 1199 314 1260 vere
356 1171 688 1287 quiescentibus)
724 1191 884 1280 unaque
914 1193 1013 1253 cuin
1045 1170 1164 1254 coelis
1202 1168 1324 1251 delati
1354 1169 1596 1278 participant
1632 1187 1783 1250 eorum

216 1323 367 1396 motus,
394 1298 437 1382 &
464 1318 509 1381 ut
537 1317 669 1408 partes
698 1296 993 1380 revolventium
1018 1316 1218 1390 totorum,
1246 1293 1295 1377 ab
1322 1317 1467 1378 eorum
1495 1292 1636 1377 axibus
1669 1311 1782 1374 tece-

218 1423 321 1510 dere
349 1443 557 1510 conantur.
1837 1479 1860 1492 ,.

274 1549 531 1660 Quantitates
558 1545 735 1630 relativae
759 1571 843 1629 non
861 1543 950 1629 sunt
978 1542 1101 1651 igitur
1126 1567 1189 1629 eoe
1211 1541 1303 1654 ipsae
1329 1543 1585 1656 quantitates,
1608 1561 1784 1655 quatum

219 1674 382 1760 nomina
404 1669 706 1784 ptaeseferunt,
740 1669 809 1755 sed
837 1671 926 1755 sunt
953 1693 1092 1754 earum
1112 1665 1308 1753 mensurae
1324 1672 1404 1754 iilia
1422 1668 1619 1754 sensibiles
1658 1673 1783 1776 (verte

219 1825 269 1884 an
291 1805 491 1910 errantes)
517 1797 663 1910 quibus
699 1797 842 1904 vulgus
872 1797 967 1880 loco
992 1796 1265 1908 quantitatum
1295 1793 1612 1878 mensuratarum
1640 1794 1782 1877 utitur.

219 1925 326 2011 Atsi
351 1951 403 2010 ex
421 1924 493 2008 usu
519 1923 763 2012 definiendae
790 1925 879 2008 sunt
902 1925 1124 2008 verborum
1145 1923 1479 2030 fignificationes3
1519 1943 1590 2032 per
1616 1923 1783 2007 nomina

216 2055 285 2140 illa
319 2052 528 2164 temporis,
565 2054 693 2162 spatii,
729 2055 810 2137 loci
836 2053 879 2136 dc
907 2074 1043 2137 mutus
1072 2055 1238 2164 proprie
1267 2051 1539 2163 intelligenda
1568 2071 1688 2136 erunt
1715 2051 1781 2134 hae

222 2177 421 2264 mensurae
436 2175 662 2274 sensibilesa
691 2173 733 2260 &
760 2179 892 2262 sermo
921 2178 999 2262 erit
1024 2176 1197 2264 insolens
1222 2177 1266 2261 dc
1288 2201 1388 2288 pure
1407 2177 1726 2272 mathematicus,
1752 2169 1784 2261 ii

221 2304 469 2419 quantitates
488 2303 723 2388 mensuratae
742 2305 807 2390 hic
825 2305 1108 2418 intelligantur.
1164 2303 1344 2390 Proinde
1362 2305 1445 2390 vim
1467 2305 1644 2390 inferunt
1663 2299 1781 2390 sacris

197 2409 360 2527 'literis
406 2433 477 2544 qui
512 2456 634 2516 voces
669 2432 785 2517 hasce
818 2430 872 2517 de
903 2432 1193 2548 quantitatibus
1228 2432 1463 2518 mensuratis
1500 2433 1557 2518 ibi
1585 2434 1783 2544 interpre-

222 2578 368 2643 tantur.
424 2557 571 2670 Neque
598 2558 730 2642 minus
762 2561 1039 2644 contaminant
1071 2559 1265 2644 mathesin
1295 2559 1337 2643 dc
1366 2560 1673 2669 philosophiam,
1710 2563 1782 2670 qui

221 2682 464 2796 quantitates
490 2708 603 2766 veras
633 2708 728 2767 curu
754 2683 927 2794 ipsarum
959 2684 1215 2772 relationibus
1253 2682 1295 2767 dt
1327 2681 1555 2794 vulgaribus
1591 2683 1784 2768 mensuris

224 2807 493 2895 confundunt.

276 2933 423 3019 Motus
464 2932 633 3046 quidem
669 2957 788 3016 veros
819 2960 1041 3047 corporum
1078 2933 1322 3041 fingulorum
1356 2934 1617 3044 cognoscere,
1653 2936 1697 3020 dc
1732 2938 1782 3022 ab

222 3059 503 3170 apparentibus
536 3056 626 3142 adu
663 3059 957 3160 discriminare,
997 3059 1284 3147 difficillimum
1308 3061 1393 3159 esta
1430 3081 1645 3173 propterea
1671 3066 1784 3177 quod

222 3206 353 3294 partes
378 3183 491 3294 spatii
518 3183 619 3267 illius
647 3182 879 3283 immobilis,
919 3189 962 3271 in
992 3211 1077 3297 quo
1101 3212 1276 3295 corpora
1300 3213 1396 3271 vere
1432 3209 1662 3283 moventur,
1699 3214 1782 3272 non

221 3307 434 3393 incurrunt
458 3310 499 3393 in
522 3307 663 3392 sensus.
720 3308 848 3392 Causa
871 3333 1005 3398 tamen
1036 3338 1120 3396 non
1147 3311 1202 3392 ell
1222 3311 1380 3420 prorsus
1406 3310 1624 3419 desperata.
1678 3313 1785 3398 Nam

222 3456 459 3543 argumenta
485 3435 638 3517 desumi
657 3432 833 3544 possunt,
862 3439 1010 3548 partim
1029 3465 1081 3522 ex
1099 3437 1278 3521 motibus
1299 3437 1580 3549 apparentibus
1603 3439 1675 3552 qui
1696 3441 1787 3526 lunt

222 3580 413 3642 motuum
442 3583 633 3642 verorum
666 3555 921 3658 differentiae,
956 3562 1101 3672 partim
1132 3589 1186 3646 eit
1219 3563 1370 3649 viribus
1401 3586 1493 3674 quae
1527 3562 1617 3648 sunt
1651 3587 1786 3651 motu·

222 3705 292 3765 uni
313 3705 505 3764 verorum
533 3682 660 3766 causae
689 3681 731 3766 &
760 3682 938 3770 effesius.
994 3683 1051 3769 Ut
1077 3685 1106 3770 si
1133 3686 1245 3797 globi
1273 3687 1372 3787 dou,
1412 3686 1462 3772 ad
1490 3688 1624 3774 datam
1650 3691 1700 3776 ab
1726 3694 1786 3776 iir-

222 3805 356 3888 vicem
397 3803 622 3892 distantiam
658 3809 727 3894 filo
769 3811 1054 3895 intercedente
1092 3813 1296 3910 connexi,
1337 3815 1643 3898 revolverentur
1679 3816 1788 3900 circa

223 3967 442 4028 commune
478 3939 683 4052 gravitatis
724 3959 952 4032 centruma
993 3939 1263 4024 innotesceret
1293 3965 1346 4024 ex
1377 3939 1556 4024 tensione
1584 3941 1639 4025 lili
1668 3969 1788 4028 cona·

222 4051 536 4178 tus'globorum
564 4066 783 4151 recedendi
810 4068 859 4152 ab
892 4095 967 4152 axe
1008 4086 1165 4164 motus,
1207 4067 1250 4152 δε
1286 4068 1382 4153 inde
1421 4069 1621 4183 quantitas
1652 4089 1788 4154 motus

162 4263 169 4280 .
222 4195 426 4280 circularis
460 4194 687 4306 computari
720 4190 862 4304 posset.
927 4193 1092 4278 Deinde
1121 4191 1149 4278 si
1180 4194 1286 4278 vires
1318 4195 1509 4307 quaelibet
1548 4198 1717 4308 aequales
1743 4197 1786 4284 in

167 4335 176 4354 ·
221 4319 390 4403 alternas
418 4317 635 4428 globorum
667 4317 788 4402 facies
815 4315 868 4403 ad
896 4322 1057 4408 motum
1090 4319 1330 4404 circularem
1359 4319 1590 4432 augendum
1619 4322 1682 4406 vel
1712 4325 1786 4408 mi.-

221 4445 431 4530 nuendum
460 4443 574 4528 simul
596 4445 941 4554 imprimerentur,
978 4445 1249 4530 innotesceret
1281 4473 1335 4532 ex
1354 4451 1467 4532 autla
1497 4450 1560 4533 vel
1588 4449 1787 4538 diminuta

223 4565 279 4650 fili
301 4569 479 4653 tensione
506 4589 769 4679 augmentum
798 4572 862 4654 vel
887 4571 1198 4655 decrementum
1226 4593 1389 4671 motusa
1427 4571 1470 4656 dt
1498 4575 1594 4660 inde
1622 4579 1787 4662 tandem

222 4696 394 4780 inveniri
427 4696 584 4809 pulsent
613 4697 735 4782 facies
769 4698 987 4814 globorum
1018 4699 1060 4783 iii
1094 4725 1190 4812 quas
1224 4701 1329 4788 vires
1364 4704 1543 4816 imprimi
1579 4704 1790 4794 deberent,

221 4841 268 4906 ut
300 4843 433 4908 motus
451 4825 626 4910 maxime
647 4847 891 4936 augeretur;
921 4825 964 4911 id
986 4829 1056 4926 est,
1082 4829 1203 4913 facies
1222 4829 1405 4938 pollicae,
1434 4832 1512 4917 five
1528 4856 1619 4944 quae
1638 4832 1679 4912 in
1701 4855 1788 4912 mo·

222 4967 267 5032 tu
301 4946 490 5036 circulari
524 4949 759 5066 sequuntur.
828 4951 1017 5064 Cognitis
1047 4972 1184 5040 autem
1216 4955 1395 5044 faciebus
1427 4982 1520 5070 quae
1554 4955 1790 5068 sequuntur,

957 5080 1081 5170 ,Ca
1746 5089 1792 5182 &
