4450 5674
207 549 800 732 INDEX
935 459 1781 720 seimon

461 963 959 1103 TOTIUS
1049 960 1542 1122 OPERIS.

217 1631 667 1718 Dormmonvs.

217 1750 945 1853 Ax1oMnrn‚s1anvon:s
985 1749 1205 1840 Morus.

242 1977 334 2070 DE
389 1971 625 2070 Morte
671 1971 1125 2070 coneonM
1165 1971 1392 2068 Lmen
1436 1929 1751 2072 volvos.

221 2271 357 2358 Socr.
385 2273 412 2358 I.
571 2269 613 2353 Ε
649 2273 822 2358 methodo
838 2277 1036 2360 rationum
1045 2275 1274 2385 primarum
1292 2274 1335 2364 ὅ
1354 2277 1598 2360 ultimorum.
1735 2273 1790 2357 28

194 2420 200 2428 '
222 2407 358 2488 Socr.
377 2397 423 2484 II.
577 2399 671 2508 De
689 2403 919 2504 inventione
942 2405 1099 2488 virium
1124 2405 1452 2512 c'entripeturnm.
1738 2400 1790 2500 38

222 2525 357 2610 Secr.
384 2523 445 2609 III.
474 2524 549 2606 ‘De
573 2546 680 2612 motu
712 2550 915 2643 corporum
933 2533 977 2614 in
995 2532 1140 2614 conicio
1148 2529 1390 2641 sebiionibus
1408 2529 1655 2615 eccentriois.
1696 2628 1703 2639 ι
1741 2555 1792 2636 54

209 2651 359 2742 θεοῖ.
388 2649 460 2738 IV.
488 2651 560 2734 De
581 2660 811 2741 inventione
836 2659 986 2743 orbium
1011 2660 1299 2770 ellip'ticorntn,
1315 2647 1639 2769 parabobitoru'm
1666 2649 1794 2764 &pff

226 2885 367 2972 ΒΗΤ.
396 2775 696 2970 Gerbolicorunn
715 2813 767 2866 en
790 2785 972 2867 umbilico
992 2781 1093 2866 bato¹
1253 2819 1258 2828 .

443 2951 451 2968 .
479 2885 552 2970 De
572 2891 802 2976 inventione
821 2895 972 2976 orbium
992 2893 1059 2976 nbi
1088 2893 1299 2978 umbilicus
1316 2907 1459 2975 neuter
1480 2889 1614 2976 datur.

226 3011 368 3100 Ssscr.
398 3009 469 3094 VI.
497 3011 570 3094 De
593 3015 824 3098 inventione
851 3035 1023 3098 motuum
1043 3018 1086 3096 in
1108 3019 1268 3097 orbibus
1285 3017 1469 3098 datin·
1598 3050 1601 3059 ·
1718 3032 1797 3124 104

227 3138 364 3226 socr.
394 3133 482 3220 VII.
511 3135 585 3220 De
619 3159 819 3250 corporum
845 3145 1002 3251 nscenstn
1023 3139 1066 3226 fio
1085 3140 1493 3249 defoensttretiilineo.
1722 3168 1797 3222 112

228 3261 365 3350 Socr.
397 3259 498 3346 VIII.
527 3265 601 3346 De
623 3267 852 3352 inventione
882 3266 1030 3350 orbium
1051 3271 1094 3348 in
1115 3268 1258 3378 quibus
1274 3285 1437 3376 corpora
1457 3267 1619 3351 viribus
1643 3266 1800 3377 quibust

417 3415 566 3496 cunque
593 3393 833 3498 centripetis
851 3395 1007 3502 agitata
1026 3393 1308 3473 revolvuntur.
1724 3419 1801 3490 123²

78 3514 83 3520 ’
232 3515 373 3598 Soet.
400 3507 474 3592 IX.
503 3511 577 3593 De
594 3530 700 3594 motu
721 3528 921 3624 corporum
950 3519 993 3597 in
1025 3512 1183 3630 orbibus
1202 3513 1423 3615 mobilibus,
1452 3513 1576 3628 deque
1600 3531 1706 3600 motu
1732 3535 1802 3626 ap·

412 3634 553 3740 fidum.
1253 3733 1254 3736 Ν
1726 3671 1800 3756 129
1898 3709 1901 3716 .

234 3767 370 3852 Secr.
400 3765 452 3842 X.
482 3763 555 3844 De
575 3781 686 3848 motu·
713 3784 916 3878 corporum
940 3765 982 3848 in
1006 3765 1293 3878 stuperficiebus
1316 3765 1438 3868 dotis,
1464 3765 1587 3882 deque
1604 3769 1802 3880 fitnepon·

423 3889 601 3972 drulornm
619 3909 725 3973 motu
744 3899 951 4004 reciproco.
1392 3953 1399 3969 .
1653 3952 1656 3965 .
1729 3901 1803 3998 1'42

238 4021 375 4122 Secv.
404 4015 474 4100 XI.
505 4017 578 4098 De
604 4035 707 4100 motu
736 4038 942 4129 corporum
970 4015 1133 4099 viribus
1162 4019 1402 4127 centripetis
1424 4019 1473 4125 so
1507 4026 1641 4102 muttit
1659 4035 1805 4130 peten-

425 4147 536 4226 tium.
1611 4163 1614 4170 ’
1729 4152 1807 4224 160

239 4267 379 4356 Secr.
409 4267 498 4354 XII.
528 4269 601 4354 ‘De
620 4286 822 4378 corporum
837 4267 1123 4378 sphericorunt
1144 4263 1309 4350 viribus
1329 4267 1585 4352 attrabiivis.
1732 4267 1805 4376 189

239 4393 380 4477 θεοῖ.
410 4393 516 4481 XIII.
545 4393 617 4479 De
635 4411 840 4502 corporum
860 4420 931 4474 non
939 4393 1224 4505 sphericorum
1238 4392 1401 4475 viribus
1419 4393 1673 4490 attrutiivis'.
1693 4399 1696 4407 '
1723 4401 1809 4478 '210

241 4513 379 4600 Suco.
408 4518 523 4606 XIV.
552 4522 626 4603 De
646 4535 752 4599 motu
770 4533 975 4628 corporum
992 4516 1253 4614 minimorum,
1283 4542 1369 4628 que
1392 4516 1555 4600 viribus
1573 4520 1811 4643 centre'petis

428 4637 484 4720 ud
506 4634 683 4748 fingatis
710 4645 842 4759 magni
871 4645 1043 4760 nlictejuo
1078 4644 1254 4755 corporis
1279 4659 1426 4756 portes
1453 4635 1710 4740 tendintibus,
1727 4646 1811 4756 agi·

430 4782 590 4849 tantur.
1732 4793 1811 4844 222

1707 4884 1817 4972 DE.
