4344 5648
460 270 861 371 PRINCIPIA
909 266 1499 386 MATHEMATICAt
1669 299 1765 398 349

210 433 346 524 scribit
370 435 540 548 spatium
573 469 611 534 2,
616 439 720 525 8066
754 439 994 546 digitorum,
1031 435 1074 524 &
1104 457 1290 549 tempore
1321 431 1377 520 r'‘
1401 436 1572 548 spatium
1600 439 1771 542 7,44766
1785 433 1998 576 Shugm.

210 562 448 672 digitorum,
468 561 510 648 81
531 586 718 676 tempore
734 563 817 670 25‘'
837 567 906 648 seu
924 564 1220 650 oscillationum
1238 593 1288 668 50
1302 564 1473 674 spatium
1491 561 1566 644 186
1567 591 1680 668 ,1915
1692 515 1799 670 dags

207 685 466 774 Subducatur
498 688 667 799 spatium
698 687 957 796 1„386294F
984 688 1023 771 se
1001 715 1052 771 u
1078 690 1313 830 19434113.
1337 689 1380 772 81
1401 687 1577 774 manebit
1601 687 1770 798 spatium

208 811 398 918 841461
432 813 509 924 dig.
540 815 654 926 quod
683 815 827 924 globus
864 815 1012 902 eodem
1052 839 1239 923 tempore
1280 813 1442 898 invase
1478 810 1679 896 latissimo
1697 810 1771 894 de·

204 936 365 1022 scribet.
441 936 511 1020 Ob
539 937 757 1044 angustiam
792 937 887 1021 vairs
915 937 1052 1030 nostri,
1090 937 1293 1024 minuatur
1335 936 1415 1021 hoc
1443 934 1647 1046 spatium
1638 960 1679 1018 11
1707 959 1768 1017 ra·

207 1059 319 1144 tione
361 1084 455 1170 quae
488 1061 751 1172 componitur
791 1088 842 1144 ex
878 1059 1156 1170 subduplicata
1190 1061 1347 1144 1111011
1390 1057 1536 1144 orificii
1578 1055 1674 1140 vasis
1715 1055 1766 1141 ad
1888 1129 1897 1136 .

204 1179 411 1267 excessum
433 1183 547 1294 hujus
575 1183 719 1268 orificii
749 1181 864 1294 supra
892 1183 1191 1268 semicirculum
1216 1184 1438 1268 maximum
1458 1181 1585 1292 globi,
1613 1178 1657 1264 &
1679 1169 1769 1264 fim-

203 1308 300 1447 plici
337 1308 495 1392 ratione
516 1306 697 1418 ejusdem
723 1309 869 1393 orificii
896 1307 946 1392 ad
966 1307 1234 1394 excessum
1200 1335 1283 1416 ejus
1311 1307 1429 1416 supra
1457 1306 1657 1391 circulum
1683 1329 1768 1390 ma·

202 1432 360 1516 ximum
392 1432 536 1540 globi,
574 1429 618 1514 81
644 1429 858 1516 habebitur
880 1430 1051 1542 spatium
1091 1431 1233 1528 181,86
1264 1431 1504 1540 digitorum,
1539 1428 1654 1540 quod
1682 1429 1768 1536 glo·

201 1555 348 1641 busin
379 1556 459 1638 hoc
489 1554 576 1640 vase
608 1575 796 1666 tempore
829 1557 1126 1644 oscillationum
1157 1584 1209 1659 50
1247 1555 1477 1640 describere
1513 1553 1655 1639 debuit
1691 1578 1768 1664 per

201 1682 408 1767 theoriam.
436 1681 759 1794 quamproxime.
835 1679 1054 1794 Descripsrt
1088 1707 1188 1766 vero
1228 1680 1398 1790 spatium
1436 1680 1511 1762 182
1543 1679 1766 1788 digitorum

201 1828 389 1921 tempore
414 1808 710 1894 oscillationum
739 1817 815 1913 491-
834 1809 899 1891 vel
926 1835 977 1908 50
1004 1832 1076 1917 per
1098 1806 1441 1918 experimentum.

255 1932 474 2046 Exgem.
502 1929 631 2017 Globi
650 1950 827 2042 quatuor
853 1932 1039 2041 pondere
1063 1939 1291 2043 1341311111.
1307 1931 1350 2015 in
1377 1927 1628 2016 1111181111
1646 1955 1768 2040 gran.

198 2058 244 2142 111
276 2083 379 2171 aqua
405 2056 509 2168 saepe
532 2055 704 2154 demissi,
732 2055 931 2141 cadebant
950 2077 1139 2166 tempore
1163 2056 1467 2142 oscillationum
1491 2055 1579 2150 181,
1607 2065 1767 2162 19191

198 2179 243 2262 81
274 2207 339 2277 30,
366 2175 409 2260 81
439 2203 733 2291 nonnunquam
763 2203 823 2274 31,
863 2205 911 2274 32
939 2177 1078 2276 8133,
1105 2177 1381 2264 describentes
1410 2177 1666 2262 altitudinem
1695 2204 1767 2290 pe·

199 2301 301 2388 dum
328 2300 575 2412 quindecim
591 2299 634 2383 81
655 2299 882 2408 digitorum
901 2297 1093 2384 duorum
1635 2361 1636 2369 .

251 2425 330 2510 Per
350 2423 551 2510 theoriam
571 2422 719 2510 cadere
750 2421 982 2508 debuerunt
1011 2443 1200 2534 ternpore
1227 2416 1525 2509 oscillationum
1552 2452 1603 2530 29
1622 2449 1761 2537 quam·

220 2549 397 2652 roxime.

196 2575 465 2785 PIa'raper..6
502 2669 1765 2784 (310111(31111010011111111113111.1111118179111

196 2793 1062 2910 1131111191(111111111111111111111131011
1092 2795 1386 2881 oscillationum
1419 2823 1480 2898 15,
1511 2805 1595 2898 131,
1625 2794 1762 2898 16,17

196 2921 239 3006 81
276 2923 337 3024 18,
377 2918 649 3006 describentes
690 2917 945 3006 altitudinem
983 2921 1144 3050 pedum
1174 2919 1415 3034 quindecim
1461 2919 1772 3032 &digitorum

195 3047 408 3134 duorum

247 3172 327 3256 Per
349 3170 549 3259 theoriam
572 3168 720 3254 cadere
750 3167 1002 3255 debuerunt
1015 3189 1202 3282 tempore
1235 3163 1533 3253 oscillationum
1555 3195 1602 3268 15
1621 3186 1761 3280 quam'·

223 3296 395 3378 roxime.

194 3319 222 3405 p
251 3415 408 3525 Exper.
428 3445 463 3518 7.
491 3413 623 3499 Globi
646 3433 822 3526 quatuor
841 3411 1025 3523 pondere
1046 3443 1096 3521 29
1103 3423 1146 3512 31
1163 3442 1279 3528 gran.
1301 3414 1343 3498 in
1363 3440 1455 3499 aere
1482 3415 1525 3497 &
1557 3427 1631 3515 331
1643 3443 1761 3530 gran.

191 3542 234 3624 in
263 3564 365 3653 aqua
409 3537 513 3650 saepe
552 3535 731 3636 demilsr,
775 3535 974 3622 cadebant
1005 3557 1192 3649 tempore
1228 3537 1525 3624 oscillationum
1563 3547 1661 3644 29÷,.'
1696 3561 1762 3639 30,

194 3677 283 3764 301,
318 3691 379 3763 31,
414 3661 534 3763 32&
564 3687 626 3760 33,
660 3660 937 3747 describentes
967 3659 1225 3750 altitudinem
1254 3659 1411 3776 pedu'm
1445 3662 1694 3777 quindecim
1716 3666 1760 3752 81

193 3789 312 3899 digiti
332 3780 449 3873 unius
463 3813 571 3873 ⁴cum
591 3785 758 3872 semisse.

246 3912 326 3996 Per
356 3913 563 3999 theoriam
587 3911 735 3998 cadere
766 3912 998 3998 debuerunt
1024 3931 1212 4026 tempore
1232 3912 1531 3999 oscillationum
1551 3913 1601 3996 28
1621 3935 1760 4028 quant·

189 4059 391 4146 proxime.

245 4155 418 4242 Causam
446 4156 727 4266 investigando
754 4184 827 4241 cur
849 4158 1083 4268 globorum,
1110 4155 1289 4269 ejusdem
1310 4163 1503 4272 ponderis
1533 4158 1575 4240 81
1607 4155 1760 4269 magniss

189 4281 357 4381 tudinis,
385 4282 507 4394 aliqui
537 4283 656 4368 citius
674 4283 739 4366 aiii
756 4282 907 4368 tardius
930 4284 1145 4382 caderent;
1170 4285 1214 4371 in
1234 4289 1337 4372 hanc
1356 4287 1507 4381 incidi,
1538 4285 1652 4397 quod
1672 4288 1759 4397 glo·

191 4407 250 4503 bi,
277 4409 346 4494 obi
360 4409 538 4520 primum
560 4407 881 4494 demittebantur
905 4405 950 4492 81
976 4407 1125 4495 cadere
1146 4411 1411 4523 incipiebant,
1437 4409 1665 4496 oscillarent
1683 4415 1761 4496 cir·

192 4555 288 4614 cum
327 4553 481 4630 centra,
518 4531 642 4616 latere
669 4533 741 4616 illo
769 4532 886 4644 quod
914 4533 1023 4619 sorte
1051 4533 1219 4642 gravius
1243 4531 1340 4617 elset
1380 4533 1558 4646 primum
1594 4533 1761 4618 descen·

192 4653 333 4750 dente,
368 4653 410 4738 8t
440 4674 599 4740 motum
636 4655 925 4741 oscillatorium
961 4666 1193 4766 generante.
1254 4657 1359 4742 Nam
1394 4677 1467 4769 per
1496 4653 1762 4766 oscillationes

190 4777 278 4862 lbas
305 4778 449 4888 globus
468 4777 664 4888 majorem
679 4799 854 4864 'motum
878 4783 1161 4867 communicat
1190 4807 1320 4896 aquae,
1347 4781 1515 4895 quamsi
1541 4780 1622 4862 stne
1646 4775 1761 4862 oscil-

190 4901 408 4991 lationibus
441 4899 751 5003 descenderet-5.
778 4903 822 4988 81
849 4903 1213 5005 communic-ando,
1247 4904 1397 4993 amittit
1431 4920 1588 5014 partem
1617 4917 1761 5036 motus

1499 5065 1501 5068 ·
1604 5043 1773 5136 proptu
