4352 5646
433 223 1469 348 untuctrtnrtnmtemnrtcn.
1635 257 1732 350 425

37 383 44 438 ²
178 393 413 506 compositis
431 395 583 481 viribus
602 396 758 482 incidet
779 399 822 482 in
842 416 1001 509 tempus
1019 397 1184 512 aliquod
1202 398 1493 483 intermedium
1517 395 1631 510 quod
1659 417 1736 480 ter·
1752 396 1915 534 Tffltfy
1927 489 1941 526 ³

36 509 44 564 ²
183 521 250 602 tiae
270 522 398 604 lunari
427 522 694 634 propinquius
720 523 803 621 esta
841 521 1021 635 ideoque
1040 524 1092 608 'in
1122 522 1286 606 tranfitu
1313 523 1418 607 lunae
1447 549 1469 606 a
1495 519 1664 632 syzygiis
1688 519 1740 604 ad
1791 495 1888 536 ⁵⁸¹¹
1944 510 1952 528 ⁸
2021 583 2026 594 .

34 633 42 690 s
182 643 458 754 quadraturas,
471 645 541 729 ubi
558 645 655 727 hora
679 644 796 728 tertia
816 642 949 726 solaris
963 641 1159 754 praecedit
1177 643 1337 727 tertiam
1356 646 1550 739 lunarem,
1565 644 1739 726 maxima

180 791 296 878 aquae
320 766 495 852 altitudo
521 764 726 878 praecedet
749 767 872 849 etiam
899 767 1060 849 tertiam
1088 767 1284 861 lunarem,
1323 766 1449 878 idque
1476 764 1655 848 maximo
1681 765 1741 851 in·

179 894 348 977 tervallo
377 889 607 1002 paulopost
631 887 811 976 osiantes
836 891 970 986 lunae;
1006 887 1050 972 &
1082 888 1242 999 paribus
1270 889 1485 973 intervallis
1511 891 1624 974 aellus
1655 915 1737 986 ma·

177 1014 311 1100 ximus
339 1017 529 1128 sequetur
549 1021 690 1100 horam
713 1013 874 1099 tertiam
892 1016 1072 1097 lunarem
1098 1012 1327 1097 intransitu
1352 1014 1457 1096 lunae
1476 1039 1498 1096 a
1519 1012 1738 1125 quadratu·

177 1139 231 1222 ris
259 1139 308 1224 ad
337 1140 525 1250 syzygias.
578 1135 687 1222 Haec
704 1140 759 1221 ita
776 1139 866 1224 suut
884 1139 928 1222 in
950 1139 1050 1222 mari
1068 1154 1222 1247 aperto.
1280 1135 1385 1220 Nam
1405 1138 1446 1222 in
1465 1135 1573 1222 ostiis
1591 1135 1739 1224 fluvio·

178 1289 272 1348 rum
298 1263 431 1347 fluxus
458 1261 628 1372 majores
650 1262 807 1347 caeteris
832 1263 992 1374 paribus
1016 1260 1169 1345 tardius
1196 1258 1247 1344 ad
1265 1259 1391 1370 dupla>
1409 1262 1586 1347 venient.
1687 1319 1689 1324 -

233 1387 420 1471 Pendent
447 1408 584 1470 autem
612 1383 777 1470 effessus
807 1386 1064 1470 luminarium
1096 1410 1150 1470 ex
1176 1411 1321 1470 eorum
1347 1384 1539 1469 distantiis
1566 1413 1590 1470 a
1620 1405 1739 1473 terra.

176 1510 221 1596 ln
241 1511 463 1596 minoribus
483 1510 593 1595 enim
618 1509 811 1595 distantiis
839 1509 1009 1617 majores
1027 1507 1117 1594 sunt
1137 1535 1280 1594 eorum
1307 1505 1487 1606 effesius,
1514 1510 1556 1596 iu
1577 1510 1740 1621 majori.

175 1638 251 1722 bus
272 1637 461 1733 minores,
490 1635 615 1749 idque
638 1637 682 1720 in
708 1634 905 1743 triplicata
940 1635 1098 1720 ratione
1128 1633 1423 1720 diametrorum
1447 1641 1738 1748 apparentium.

174 1759 302 1868 lgitur
320 1759 377 1843 sol
405 1779 592 1870 tempore
611 1759 809 1868 hyberno,
836 1763 878 1842 in
903 1759 1083 1869 perigaeo
1117 1757 1303 1858 existens,
1329 1757 1499 1866 majores
1524 1760 1611 1848 edit
1638 1762 1737 1848 effe-

175 1880 276 1980 sius
304 1879 515 1994 efficitque
543 1901 588 1964 ut
613 1879 727 1965 aessus
752 1881 793 1964 in
820 1878 991 1990 syzygiis
1024 1881 1145 1992 paulo
1176 1879 1347 1988 majores
1375 1880 1463 1980 stnt,
1500 1881 1544 1966 dc
1571 1885 1613 1968 in
1640 1910 1737 1997 qua·
1797 1917 1800 1924 ·

173 2003 349 2088 draturis
388 2006 510 2114 paulo
546 2005 724 2087 minores
755 2004 933 2109 (ceteris
965 2002 1146 2113 paribus)
1184 2027 1307 2114 quam
1345 2021 1532 2114 tempore
1569 2005 1735 2105 aestivos

173 2127 333 2210 &luna
366 2129 405 2208 in
432 2129 612 2235 perigaeo
638 2124 796 2232 lingulis
826 2123 1024 2209 mensibus
1050 2125 1221 2232 majores
1248 2127 1330 2211 ciet
1358 2126 1472 2212 aessus
1495 2155 1617 2241 quam
1643 2156 1737 2220 ante
1833 2135 1835 2138 ’

172 2250 239 2333 vel
257 2249 346 2359 post
366 2247 453 2330 dies
472 2245 724 2358 quindecim,
750 2245 819 2326 ubi
845 2245 886 2328 in
914 2269 1084 2354 apogaeo
1104 2245 1294 2329 versatur.
1329 2245 1452 2334 Unde
1483 2251 1530 2334 fit
1557 2271 1603 2336 ut
1621 2255 1737 2350 aeslus

172 2372 260 2457 duo
282 2372 452 2456 omnino
468 2367 635 2454 maximi
648 2369 696 2452 in
725 2366 894 2477 syzygiis
913 2367 1117 2452 continuis
1136 2368 1176 2452 se
1199 2389 1344 2454 mutuo
1365 2397 1449 2458 non
1469 2373 1698 2489 sequantur.

227 2495 389 2580 Pendet
413 2493 537 2578 etiam
562 2487 728 2577 effossus
755 2489 966 2603 utriusque
1005 2492 1210 2577 luminaris
1237 2518 1291 2578 ex
1317 2494 1435 2603 ipsrus
1463 2496 1736 2588 declinatione

171 2615 241 2703 seu
259 2617 441 2702 distantia
458 2614 508 2699 ab
531 2637 748 2728 aequatore.
805 2613 911 2699 Nam
936 2613 964 2696 st
987 2615 1183 2698 luminare
1210 2613 1253 2700 in
1282 2618 1382 2728 polo
1408 2620 1737 2722 constitueretur,

170 2743 349 2826 traheret
365 2736 464 2822 illud
489 2739 655 2845 singulas
674 2761 790 2849 aquae
808 2758 940 2847 partes
958 2737 1201 2834 constanter,
1227 2735 1309 2822 fine
1330 2739 1495 2826 essionis
1513 2743 1737 2832 intenfione

171 2863 216 2948 &
234 2861 480 2960 remiffione,
507 2859 685 2974 ideoque
704 2861 854 2945 nullam
873 2881 1009 2945 motus
1032 2861 1401 2970 reciprocationem
1414 2865 1554 2952 cieret.
1607 2867 1736 2980 Igitur

169 2989 380 3089 luminaria
404 2985 641 3072 recedendo
660 2989 709 3070 ab
728 3007 936 3099 aequatore
958 2986 1098 3097 polum
1125 2987 1274 3086 versus,
1298 2986 1463 3075 effeetus
1485 2990 1575 3077 suos
1595 2997 1737 3102 grada-

171 3117 247 3202 tim
266 3115 469 3210 amittent,
496 3107 541 3192 &
560 3128 776 3220 propterea
795 3109 973 3195 minores
994 3109 1160 3193 ciebunt
1186 3108 1300 3194 aestus
1321 3111 1364 3194 in
1391 3110 1560 3223 syzygiis
1580 3118 1736 3205 solstiti·
1815 3167 1817 3182 .

170 3241 296 3326 alibus
323 3261 446 3350 quam
474 3233 516 3318 in
552 3231 909 3346 aequinosiialibus.
966 3231 1009 3316 ln
1030 3232 1286 3344 quadraturis
1304 3253 1441 3317 autem
1469 3236 1735 3327 solstitialibus

170 3361 342 3470 majores
360 3358 528 3441 ciebunt
550 3353 663 3438 aellus
681 3379 804 3467 quam
818 3355 860 3438 in
880 3353 1133 3466 quadraturis
1153 3353 1523 3467 aequinosiialibus3
1553 3367 1734 3473 eoquod

170 3481 375 3591 lunaejam
399 3481 442 3562 in
469 3497 676 3590 aequatore
709 3475 939 3562 constitutae
964 3473 1130 3561 effossus
1156 3478 1332 3563 maxime
1362 3478 1520 3589 superat
1543 3479 1735 3573 essedum

169 3607 273 3694 solis.
327 3603 517 3689 Incidunt
546 3600 670 3712 igitur
698 3597 812 3684 aestus
843 3599 1010 3684 maximi
1040 3601 1082 3686 in
1116 3599 1363 3718 syzygias&
1389 3603 1545 3687 minimi
1571 3605 1613 3690 in
1638 3634 1737 3721 qua·

171 3733 352 3820 draturas
374 3727 646 3823 luminarium,
675 3724 784 3808 circa
802 3744 986 3836 tempora
1007 3723 1240 3837 aequinoslii
1260 3725 1480 3839 utriusque.
1515 3724 1570 3812 Et
1595 3735 1736 3820 tellum

171 3855 395 3940 maximum
417 3853 459 3934 in
484 3847 653 3959 syzygiis
678 3847 898 3932 comitatur
925 3847 1082 3959 semper
1113 3845 1304 3931 minimus
1321 3847 1365 3932 in
1390 3849 1658 3959 quadraturis,
1688 3877 1735 3942 ut

172 3975 421 4086 experientia
439 3991 698 4079 compertum
727 3969 794 4053 est.
853 3969 931 4054 Per
956 3969 1156 4054 minorem
1179 3988 1315 4054 autem
1342 3969 1568 4056 distantiam
1597 3975 1688 4060 solis
1713 4007 1734 4063 a

170 4122 293 4198 terra,
320 4121 506 4208 tempore
534 4093 717 4204 hyberno
749 4119 870 4206 quam
898 4119 1084 4203 tempore
1113 4093 1262 4190 aellivo,
1290 4093 1336 4178 fit
1364 4116 1409 4178 ut
1430 4097 1544 4181 aellus
1569 4103 1736 4188 maximi

173 4229 217 4312 δι
237 4221 395 4310 minimi
421 4219 561 4332 saepius
581 4215 814 4329 praecedant
840 4213 1128 4330 aequinosiium
1154 4245 1326 4304 vernum
1355 4245 1478 4332 quam
1505 4222 1735 4335 sequantur,

173 4349 216 4436 &
234 4348 373 4458 saepius
389 4343 605 4457 sequantur
624 4343 855 4426 autumnale
884 4366 1007 4456 quam
1031 4341 1276 4452 precedant.

226 4467 414 4554 Pendent
443 4467 566 4552 etiam
590 4461 757 4549 effeslus
781 4465 1039 4548 luminarium
1061 4489 1114 4546 ex
1138 4463 1326 4549 locorum
1341 4465 1564 4551 latitudine.
1596 4467 1738 4580 Defig-

173 4613 245 4680 net
265 4589 418 4699 Apu-P
436 4593 623 4676 tellurem
638 4587 750 4702 aquis
769 4589 982 4700 profundis
1002 4589 1186 4700 undique
1202 4610 1440 4700 coopertam
1456 4627 1467 4687 3
1498 4592 1738 4676 Ccentrum

174 4713 284 4824 ejus3
314 4713 371 4811 P,
382 4731 415 4821 p
433 4713 573 4824 polos;
602 4709 689 4795 ΑΕ
708 4733 986 4824 aequatorem;
1017 4711 1060 4794 F
1081 4713 1219 4796 locum
1250 4710 1434 4825 quemvis
1465 4731 1579 4795 extra
1607 4737 1736 4823 aequa-

174 4858 338 4936 torem3
367 4834 412 4918 F
407 4841 448 4946 f
460 4837 692 4947 parallelum
710 4837 822 4936 lucia
848 4837 940 4920 Dd
954 4835 1184 4945 parallelum
1212 4838 1250 4924 ei
1269 4834 1586 4948 respondentem
1611 4837 1737 4920 exal.

925 4957 1010 5043 lii
1653 4977 1740 5044 tera
