4344 5648
428 273 1471 376 rnrtvcrvtnmartmunrtcn.
1644 303 1738 400 297

171 445 335 532 nitente
357 447 586 532 retardatur
616 449 658 531 in
685 476 705 528 e
730 447 787 532 est
813 467 857 532 ut
888 450 1041 535 summa
1067 450 1127 533 vis
1154 451 1216 536 Ce
1245 447 1288 531 &
1318 445 1547 531 refillentiae
1577 445 1668 542 CO,
1700 447 1774 542 id,
1802 447 1927 507 Lm*

173 571 298 656 estut
328 572 418 670 Oe;
460 575 641 687 ideoque
669 575 789 670 vires,
817 574 965 686 quibus
997 601 1172 684 corpora
1195 575 1466 670 retardantur,
1505 570 1595 655 sunt
1616 594 1662 654 ut
1686 543 1971 655 ar.³²⁶⁰'⁴⁰¹'⁸'

174 697 303 782 cubus
326 698 421 794 CE,
450 701 518 782 Oe
538 700 863 812 proportionales
882 726 998 784 arcus
1018 699 1113 796 CB,
1143 699 1249 796 OB,
1279 697 1535 808 proindeque
1555 697 1747 780 velocita-

5 853 7 858 .
174 839 250 918 tes,
277 822 321 906 in
340 824 432 908 data
452 823 517 907 illa
541 827 698 908 ratione
721 824 949 921 retardatae,
977 845 1141 908 manent
1155 826 1197 908 in
1216 825 1360 908 eadem
1380 825 1444 907 illa
1463 824 1556 908 data
1576 824 1745 907 ratione.

173 938 428 1030 Velocitates
447 947 571 1056 igitur
593 945 639 1032 dc
662 972 777 1030 arcus
806 947 948 1030 iisdem
976 946 1168 1057 descripti
1193 947 1350 1058 semper
1380 945 1540 1035 suntad
1566 944 1743 1029 invicem

171 1067 215 1148 in
244 1067 338 1152 data
365 1071 431 1153 illa
453 1072 610 1154 ratione
632 1093 799 1154 arcuum
816 1069 891 1156 CB
909 1067 950 1153 se
972 1071 1074 1168 OB,
1104 1071 1146 1152 de
1166 1091 1384 1180 propterea
1403 1069 1431 1153 st
1456 1069 1660 1154 sumantur
1682 1097 1742 1152 ar·

171 1189 346 1275 'c'u's'toti
364 1193 469 1290 AB,
497 1193 571 1276 aB
593 1196 635 1280 itt
666 1196 810 1279 eadem
832 1196 1002 1291 ratione,
1034 1221 1208 1304 corpora
1231 1196 1297 1292 50,
1325 1195 1353 1276 d
1374 1193 1487 1277 stmul
1514 1192 1744 1278 describent

172 1316 249 1397 hos
275 1342 406 1413 arcus,
441 1318 483 1403 dc
508 1321 550 1404 in
576 1321 798 1405 locisA&
832 1352 856 1401 a
877 1343 1036 1406 motum
1064 1346 1230 1406 omnem
1261 1320 1373 1402 fimul
1412 1319 1611 1404 amittent.
1667 1313 1746 1398 lso·

172 1442 341 1527 elnonae
380 1443 470 1530 sunt
500 1445 625 1555 igitur
662 1446 929 1532 oscillationes
957 1467 1070 1543 totae,
1114 1446 1157 1530 dc
1193 1446 1361 1530 arcubus
1401 1448 1499 1530 totis
1529 1445 1633 1540 BA,
1671 1440 1746 1522 Ba

171 1571 498 1678 proportionales
517 1571 606 1656 sunt
627 1597 794 1658 arcuum
818 1593 953 1684 partes
972 1572 1166 1683 quaelibet
1193 1569 1308 1668 BD,
1344 1570 1427 1652 Bd
1449 1574 1513 1656 vel
1540 1569 1645 1666 BE,
1676 1565 1746 1648 Be

172 1694 398 1805 quaefimul
419 1695 716 1784 describuntur.
773 1697 892 1813 ΞΕ.
914 1699 976 1780 D.

229 1816 353 1902 Carol.
382 1818 508 1928 lgitur
528 1839 663 1906 motus
684 1821 953 1906 velocissimus
977 1822 1020 1904 in
1041 1818 1184 1903 medio
1208 1817 1414 1904 refillente
1432 1843 1516 1902 non
1536 1817 1681 1903 incidit
1702 1817 1744 1902 itt

171 1941 369 2053 punclum
396 1944 583 2030 infimum
611 1945 656 2039 C,
685 1946 756 2030 sed
777 1947 979 2056 reperitur
1008 1944 1050 2028 in
1074 1941 1226 2054 puncl‘o
1252 1944 1322 2026 illo
1342 1947 1392 2041 0,
1421 1967 1506 2056 quo
1534 1969 1650 2028 arcus
1680 1963 1741 2025 to-

171 2087 237 2156 tus
257 2066 480 2179 descriptus
502 2070 578 2152 aB
602 2071 812 2156 bisecatur.
868 2065 924 2162 Et
952 2095 1102 2180 corpus
1120 2067 1292 2153 subinde
1312 2067 1522 2181 pergendo
1539 2067 1591 2153 ad
1617 2095 1656 2166 a,
1684 2065 1747 2150 iis·

171 2189 273 2400 depr
291 2192 485 2404 gdragibus
512 2195 744 2280 retardatur
768 2195 919 2308 quibus
946 2213 1064 2280 antea
1080 2193 1382 2280 accelerabatur
1402 2194 1447 2278 in
1462 2188 1656 2280 descensu
1674 2191 1748 2276 suo

170 2341 195 2398 a
275 2343 298 2402 a
388 2383 399 2400 .

265 2509 739 2634 euoeosrvto
782 2535 962 2636 xxvr.
1037 2535 1477 2632 Tuuouuttn
1523 2540 1654 2632 xxv.

171 2709 411 2846 Corporum
435 2713 855 2851 fiarepenrsal'arum,
887 2713 1045 2848 quibus
1071 2711 1281 2844 refistitar
1312 2711 1361 2810 t'n
1390 2711 1563 2813 ratione
1585 2712 1742 2814 veloci·

390 2877 550 2976 tatum‚
577 2851 854 2973 oscillationes
876 2851 924 2950 in
948 2849 1133 2990 cycloide
1143 2853 1250 2974 stant
1277 2847 1530 2974 lstrchronae.
1581 2997 1585 3004 ¹

224 3087 332 3176 Nam
360 3091 389 3177 st
416 3121 590 3208 corpora
620 3094 721 3198 duo,
747 3123 769 3182 a
797 3097 948 3183 centris
976 3091 1277 3206 suspensionum
1303 3098 1512 3209 equaliter
1545 3091 1744 3201 distantia,

170 3213 392 3304 oscillando
423 3221 649 3306 describant
669 3247 785 3307 arcus
808 3221 1040 3334 inequales,
1069 3219 1112 3303 δι
1137 3221 1376 3305 velocitates
1402 3221 1447 3304 in
1464 3244 1634 3305 arcuum
1654 3247 1746 3332 pat·

172 3342 280 3425 tibus
315 3344 727 3454 correspondentibus
757 3343 833 3430 snt
858 3345 909 3428 ad
938 3345 1118 3429 invicem
1144 3363 1191 3429 ut
1226 3369 1342 3428 arcus
1369 3345 1476 3443 totlr
1512 3341 1745 3431 resistentie

171 3467 456 3552 velocitatibus
474 3469 815 3580 proportionales,
842 3486 961 3554 erunt
982 3467 1106 3551 etiam
1124 3467 1175 3552 ad
1196 3469 1375 3553 invicem
1397 3487 1445 3554 ut
1467 3467 1596 3556 iidem
1617 3493 1746 3554 arcus.

170 3585 355 3678 Proinde
374 3591 403 3675 st
424 3592 577 3679 viribus
600 3592 841 3679 motricibus
860 3621 880 3678 a
903 3593 1101 3704 gravitate
1122 3593 1320 3690 oriundis,
1337 3617 1430 3707 quae
1453 3592 1527 3679 fint
1551 3611 1598 3680 ut
1617 3593 1747 3682 iidem

170 3741 301 3816 arcus,
328 3715 563 3804 auferantur
585 3721 650 3805 vel
677 3719 876 3805 addantur
903 3721 967 3804 hae
993 3715 1238 3818 refistentiae,
1265 3737 1387 3808 erunt
1415 3712 1659 3806 differentiae
1678 3719 1746 3807 vel

171 3841 338 3929 summae
356 3843 409 3930 ad
432 3846 609 3930 invicem
629 3847 675 3930 in
693 3845 840 3931 eadem
868 3867 1037 3932 arcuum
1056 3846 1240 3930 ratione:
1271 3871 1451 3960 cumque
1477 3847 1745 3932 velocitatum

172 3973 425 4056 incrementa
451 3973 516 4056 vel
539 3973 802 4059 decrementa
829 3971 908 4058 smt
935 3993 983 4058 ut
1008 3973 1071 4056 hae
1096 3967 1340 4058 differentia
1372 3976 1438 4059 vel
1467 3971 1648 4071 summe,
1675 4000 1744 4058 ve·

171 4093 358 4180 locitates
388 4097 547 4208 semper
573 4117 693 4182 erunt
720 4117 768 4182 ut
798 4125 922 4183 arcus·
948 4097 1054 4181 toti:
1093 4093 1221 4204 lgitur
1255 4098 1508 4196 velocitates,
1544 4095 1571 4181 fi
1600 4095 1674 4180 srnt
1699 4096 1743 4182 in

170 4221 313 4331 aliquo
326 4217 421 4304 casu
440 4240 485 4304 ut
512 4219 628 4305 arcus
650 4221 742 4318 toti,
768 4222 990 4320 manebunt
1017 4217 1175 4331 semper
1198 4220 1241 4307 in
1263 4221 1408 4308 eadem
1435 4221 1604 4305 ratione.
1660 4215 1745 4308 Sed

172 4345 215 4428 in
236 4345 442 4456 principio
461 4336 610 4444 motus,
645 4346 715 4432 ubi
737 4372 911 4460 corpora
937 4345 1139 4456 incipiunt
1165 4344 1418 4432 descendere
1449 4343 1493 4428 δι
1520 4365 1635 4428 arcus
1654 4345 1745 4432 illos

173 4467 416 4574 describere,
444 4473 565 4571 vires,
592 4497 689 4557 cum
708 4469 784 4558 lint
802 4473 977 4558 arcubus
996 4469 1336 4582 proportionales,
1358 4472 1610 4580 generabunt
1632 4473 1747 4556 velo·

175 4595 316 4678 citates
341 4598 513 4682 arcubus
540 4597 878 4712 proportionales.
946 4589 1061 4706 Ergo
1089 4593 1326 4680 velocitates
1362 4595 1520 4706 semper
1546 4615 1667 4680 erunt
1697 4611 1744 4676 ut

172 4739 291 4958 {c}
320 4719 400 4926 {a
432 4721 701 4823 describendi,
738 4724 787 4807 dc
811 4743 1030 4838 propterea
1061 4743 1177 4807 arcus
1204 4721 1261 4806 illi
1297 4721 1411 4807 srmul
1446 4719 1742 4806 describentur.

837 5027 840 5037 ’
933 5081 1038 5196 Qq
1168 5125 1173 5138 ·
1497 5068 1746 5163 euopo-
