4312 5652
445 175 1496 278 rnructrtnmnrtrnmnrtcn.
1654 212 1745 308 193

1 381 25 444 ‘tt
177 358 298 448 nihili
327 353 400 452 [ιτς
441 357 634 442 nimirum
667 356 785 440 orbes
814 353 1111 451 evanescentes,
1147 356 1378 469 exquibus
1414 354 1565 466 spbaera
1602 343 1762 440 ultimo
1792 359 1934 500 Pbtm

1 514 21 574 ἐ
181 475 352 576 constat,
378 481 448 564 ubi
474 485 637 568 orbium
664 483 827 566 illorum
856 507 1048 564 numerus
1085 500 1255 590 augetur
1281 482 1324 565 rso
1352 482 1572 566 crassitudo
1607 483 1754 567 minui·
1820 459 1955 500 ‘¹¹⁶⁰‘

1 646 23 706 t
181 633 253 694 tur
271 609 311 692 in
335 605 549 692 infinitum.
607 607 800 692 Similiter
830 633 902 716 per
931 607 1091 716 punsla,
1117 637 1168 694 ex
1190 609 1336 721 quibus
1354 611 1484 703 lineae,
1512 607 1756 718 superficies,

180 737 230 820 &
265 735 385 820 solida
405 735 620 844 'componi
651 735 859 830 dicuntur,
899 735 1174 846 intelligendae
1214 737 1303 822 sunt
1340 737 1547 849 particulae
1582 738 1754 849 aequales

1 887 19 966 ,;ξ
177 859 471 974 magnitudinis
491 861 820 946 contemnendae.

1 1275 3 1295 .
207 1134 676 1234 PROPOSITIO
713 1133 940 1234 LXXIV.
1015 1133 1453 1234 THEOREMA
1497 1137 1727 1237 XXXIV.
1871 1223 1875 1232 .

180 1320 349 1444 Iisdem
364 1316 529 1455 posttis,
556 1315 649 1414 dico
685 1315 808 1450 quod
827 1315 1122 1456 corpusculum
1156 1345 1284 1414 extra
1295 1317 1524 1454 spheram
1557 1319 1754 1448 coustitu-

257 1505 352 1573 tum
374 1468 617 1568 attrahitur
642 1471 689 1568 ui
713 1469 930 1610 reciproce
948 1467 1273 1610 proportionali
1299 1469 1518 1604 quadrato
1540 1471 1754 1602 distantia

246 1635 340 1752 suae
363 1623 420 1724 ab
436 1623 453 1722 i
471 1621 567 1758 stus
591 1652 749 1724 ceretro.
841 1639 847 1646 ’

240 1875 347 1960 Nam
370 1869 636 1980 distinguatur
666 1868 817 1980 spbaera
845 1868 888 1954 in
909 1866 1137 1981 superficies
1165 1867 1376 1981 spbaericas
1402 1872 1631 1958 innumeras
1649 1898 1754 1959 con·

183 1999 399 2095 centricas‚
436 1995 478 2080 δε
512 1993 769 2079 attratliones
799 1993 1077 2104 corpusculia
1111 1994 1271 2104 fingulis
1300 1995 1585 2109 superficiebus
1617 1999 1755 2086 oriun-

186 2119 255 2211 dae
284 2143 401 2207 erunt
429 2120 640 2230 reciproce
674 2119 998 2228 proportionales
1024 2121 1225 2234 quadrato
1257 2121 1453 2207 dillantiae
1480 2122 1708 2234 corpusculi
1734 2153 1757 2210 a

188 2272 337 2337 centro
357 2251 448 2362 (per
473 2273 587 2358 prop.
608 2253 749 2353 oxon.)
803 2240 860 2328 Et
881 2251 1173 2360 componendo
1191 2251 1262 2336 liet
1285 2249 1438 2336 summa
1461 2248 1760 2350 attraclionum

1 2431 5 2474 2
157 2378 271 2470 ,hoc
298 2375 355 2462 est
384 2372 568 2459 attratlio
600 2369 828 2480 corpusculi
855 2369 899 2456 in
935 2373 1130 2484 sphaeram
1163 2395 1307 2476 totam,
1341 2375 1386 2464 in
1418 2375 1563 2464 eadem
1591 2381 1760 2468 ratione.

186 2501 373 2710 ις,ζῶναι
399 2649 432 2705 1.
473 2617 590 2704 Hinc
613 2619 656 2702 in
689 2616 910 2730 aequalibus
943 2619 1185 2710 distantiisa
1219 2625 1369 2710 centris
1406 2628 1758 2736 homogenearum

188 2750 436 2862 sphaerarrrm
470 2740 726 2826 attrafliones
760 2741 850 2826 sunt
879 2762 927 2828 ut
953 2745 1128 2857 sphaerae.
1196 2747 1304 2833 Nam
1332 2752 1425 2861 (per
1449 2776 1565 2862 prop.
1593 2759 1760 2865 nxx11.)

189 2876 220 2962 fi
257 2873 453 2958 distantiae
484 2867 574 2954 sunt
607 2869 932 2980 proportionales
963 2870 1170 2960 diametris
1206 2873 1466 2984 sphaerarum,
1504 2878 1609 2965 vires
1641 2904 1762 2972 erunt

189 3021 237 3085 ut
270 2995 470 3084 diametri.
528 2991 741 3078 Minuatur
765 2991 950 3080 distantia
978 2996 1106 3107 major
1133 2999 1176 3083 in
1202 2998 1266 3086 illa
1299 3000 1483 3098 rationer
1522 3002 1579 3100 δι,
1616 3004 1761 3108 distan-

190 3131 255 3219 tiis
278 3126 360 3236 jam
387 3122 498 3208 sotiis
526 3122 759 3234 aequalibus,
787 3123 1001 3230 augebitur
1028 3125 1215 3211 attratlio
1243 3127 1285 3212 in
1314 3127 1518 3238 duplicata
1543 3131 1608 3215 illa
1636 3137 1761 3221 ratio·

188 3283 272 3350 ner
298 3252 477 3363 ideoque
505 3251 582 3332 erit
610 3251 661 3332 ad
691 3249 972 3334 attractionem
1000 3256 1167 3336 alteram
1193 3255 1236 3338 in
1263 3256 1462 3366 triplicata
1492 3255 1557 3341 illa
1589 3259 1760 3370 ratione,

189 3377 272 3464 hoc
293 3373 362 3472 est,
387 3373 599 3458 iuratione
622 3371 877 3480 spbaerarum.

248 3502 373 3587 Corol.
395 3529 431 3583 2.
458 3497 504 3584 ln
526 3497 718 3582 distantiis
744 3495 950 3610 quibusvis
976 3499 1232 3587 attrasiiones
1263 3503 1353 3590 sunt
1380 3524 1426 3590 ut
1454 3504 1619 3620 sphaerae
1637 3520 1760 3632 appli.

192 3649 293 3717 catae
322 3627 373 3712 ad
399 3625 593 3740 quadrata
619 3625 906 3712 dillantiarum.

247 3759 372 3840 Coros.
397 3781 431 3853 3·
471 3753 512 3836 Si
542 3752 842 3863 corpusculum,
872 3775 988 3839 extra
1017 3753 1211 3866 sphaeram
1244 3761 1544 3870 homogeneam
1572 3773 1762 3890 pofitum,

193 3883 362 3966 trabitur
388 3881 428 3963 vi
452 3881 663 3989 reciproce
686 3881 980 3990 proportionali
1001 3885 1201 3995 quadrato
1229 3886 1424 3972 dillantiae
1457 3891 1538 3974 suae
1570 3895 1620 3979 ab
1643 3899 1762 4010 ipfius

192 4025 354 4103 centro,
381 4003 535 4086 constet
557 4025 693 4088 autem
712 4005 863 4115 spbaera
887 4035 937 4091 ex
956 4011 1162 4117 particulis
1190 4009 1436 4118 attraslivis3
1466 4017 1677 4106 decrescet
1701 4029 1761 4111 vis

190 4131 398 4245 particulae
427 4127 619 4241 cujusque
646 4133 688 4215 in
714 4131 915 4244 duplicata
939 4135 1096 4219 ratione
1118 4135 1314 4222 dillantiae
1334 4167 1355 4222 a
1376 4143 1581 4252 particula.

198 4415 706 4520 'PROPOSITIO
743 4423 952 4524 LXXV.
1027 4428 1466 4526 THEOREMA
1503 4439 1713 4538 XXXV.

193 4615 243 4718 Si
268 4615 333 4712 aa'
347 4617 533 4752 sphoera
566 4617 682 4716 datae
699 4616 874 4754 pausia
882 4619 1065 4754 ssugula
1097 4615 1421 4724 teudaut‘vires
1446 4631 1637 4763 aquales
1661 4616 1761 4734 ceor-

261 4766 447 4906 tripetae‚
503 4771 786 4895 decrescentes
815 4771 862 4872 iu
900 4775 1127 4912 duplicata
1164 4781 1335 4880 ratione
1378 4779 1690 4912 distantiarum
1731 4830 1761 4888 a

923 4936 966 5028 C
992 4967 1017 5030 C
1548 4937 1758 5070 pumtpisi
