4312 5652
272 229 275 238 ¹
366 149 1401 312 PRINCIPIAMATHEMATICA.
1596 219 1692 326 187

1754 369 1879 428 [ΛΜ

8 359 12 456 ἶ
135 471 139 481 .
192 427 224 492 ἀ
246 393 469 515 trahent&
496 391 557 496 ἔθ’
579 419 728 530 corpur
747 389 930 488 aliudss
951 390 1095 487 trahit
1113 389 1249 488 'etiam
1272 418 1429 488 crotera
1454 373 1514 514 A,
1539 394 1598 512 C,
1621 395 1683 512 D,
1727 450 1894 510 hm„

176 545 290 650 &a
328 543 494 642 viribus
531 581 630 678 quae
650 549 760 664 fiant
794 541 1012 680 reciproce
1046 571 1095 640 ut
1124 543 1351 676 quadrato
1376 541 1687 673 distantiarum

187 723 222 794 'a
237 696 445 796 'trahente
464 733 479 793 .·
515 723 642 794 errent
677 693 875 816 obfiolotae
909 723 1135 831 corporum
1163 695 1435 793 trahentium
1469 708 1530 818 A,
1557 701 1593 792 B
1618 693 1687 791 oi-

191 889 258 950 res
286 852 353 950 ad
379 850 589 975 invicem,
629 878 678 948 ut
699 855 806 971 soant
844 846 940 986 ipso
974 878 1156 986 corporo
1189 859 1249 974 A,
1287 857 1339 975 B,
1378 887 1561 985 quorum
1580 853 1687 970 stant

194 1044 323 1106 orres.

177 1253 285 1338 Nam
305 1247 561 1338 attrasiiones
586 1250 889 1334 acceleratrices
915 1273 1139 1360 corporum
1168 1252 1353 1338 omnium
1376 1250 1429 1348 B,
1458 1251 1502 1347 C,
1529 1251 1580 1334 D
1599 1279 1691 1337 ver·

123 1377 190 1462 sus
209 1379 265 1474 A,
300 1377 462 1488 paribus
497 1373 702 1472 distantiis,
743 1373 815 1458 fibi
840 1375 1018 1460 invicem
1050 1395 1262 1490 aequantur
1292 1401 1345 1460 ex
1371 1376 1610 1486 hypothes,
1647 1377 1691 1460 lle

122 1502 302 1586 similiter
338 1497 597 1583 attrafflones
634 1497 938 1582 acceleranices
973 1523 1195 1608 corporum
1233 1496 1417 1583 omnium
1458 1499 1592 1584 versus
1634 1493 1690 1598 B,

122 1622 523 1735 paribus-distantiis,
564 1620 635 1705 s1bi
666 1621 844 1705 invicem
868 1642 1094 1735 aequantur.
1162 1618 1233 1706 Ell
1260 1644 1397 1707 autem
1431 1623 1608 1708 absoluta
1633 1619 1692 1708 vis

124 1749 332 1835 attrasliva
362 1751 547 1858 corporis
571 1747 618 1829 A
633 1745 684 1829 ad
712 1747 797 1830 vim
825 1747 1044 1832 absolutam
1075 1745 1324 1834 attrasiivam
1351 1743 1534 1861 corporis
1557 1751 1610 1849 B,
1645 1773 1693 1836 ut

123 1876 310 1964 attraslio
336 1872 603 1960 acceleratrix
629 1898 852 1983 corporum
883 1871 1069 1958 omnium
1096 1875 1232 1960 versus
1257 1876 1304 1958 A
1328 1877 1379 1961 ad
1407 1875 1690 1962 attractio-nen

123 2003 452 2090 acceleratricem
481 2022 705 2108 corporum
733 1999 917 2083 omnium
944 1998 1080 2084 versus
1105 1997 1159 2095 B,
1199 2000 1361 2112 paribus
1389 2001 1607 2102 dislantiis;
1647 2001 1692 2084 &

122 2124 181 2213 ita
207 2127 264 2210 est
291 2122 476 2208 attraslio
503 2122 769 2206 acceleratrix
794 2123 978 2232 corporis
1005 2121 1046 2202 B
1073 2121 1209 2207 versus
1235 2125 1290 2223 A,
1324 2123 1376 2208 ad
1411 2126 1692 2211 attrasiionem
1749 2215 1751 2220 ,

124 2246 455 2334 acceleratricem
477 2245 662 2355 corporis
677 2243 724 2325 A
736 2243 870 2327 versus
894 2241 945 2324 B.
1001 2241 1083 2328 Sed
1102 2243 1287 2331 attraslio
1315 2249 1578 2334 acceleratrix
1601 2275 1695 2334 cor·

124 2375 236 2486 poris
257 2373 298 2455 B
318 2371 452 2456 versus
471 2371 520 2452 A
532 2371 589 2454 ell
607 2369 658 2454 ad
678 2367 961 2454 attrasiionem
981 2371 1308 2458 acceleratricem
1334 2377 1518 2486 corporis
1543 2377 1591 2459 A
1603 2404 1693 2462 ver·

123 2501 187 2586 sus
209 2501 262 2600 B,
288 2517 335 2584 ut
362 2495 480 2588 massa
503 2495 689 2609 corporis
708 2496 758 2577 A
770 2495 821 2578 ad
850 2491 1014 2580 malhm
1040 2501 1225 2608 corporis
1240 2499 1309 2599 B;
1338 2521 1555 2614 propterea
1575 2500 1692 2617 quod

124 2625 452 2721 viresmotrices,
479 2648 571 2734 quae
600 2623 693 2733 (per
721 2619 1004 2706 definitionem
1022 2619 1254 2724 secundam,
1282 2627 1492 2737 septimam
1518 2627 1561 2710 &
1583 2628 1693 2714 osla-

124 2761 238 2864 vam)
259 2749 351 2835 sunt
373 2766 420 2833 ut
443 2748 549 2832 vires
570 2747 872 2834 acceleratrices
892 2748 936 2832 δε
954 2775 1129 2862 corpora
1148 2753 1315 2837 attrasla
1335 2751 1598 2864 conjunslim,
1625 2757 1693 2842 hic

124 2875 217 2962 sunt
237 2877 330 2988 (per
350 2892 487 2958 motus
515 2873 648 2984 legem
667 2871 849 2986 tertiam)
882 2873 953 2959 srbi
980 2875 1158 2962 invicem
1185 2880 1370 2992 aequales.
1437 2875 1551 2992 Ergo
1580 2881 1694 2967 abso·

125 3003 209 3087 luta
234 3003 295 3086 vis
315 2997 522 3086 attrasliva
549 3001 734 3112 corporis
752 2999 799 3081 A
812 2998 871 3084 est
895 2999 946 3084 ad
973 2999 1197 3088 absolutam¹
1215 3003 1301 3090 vim
1324 3003 1574 3092 attraslivam
1600 3034 1693 3094 cot·

125 3125 236 3234 poris
254 3125 307 3224 B,
333 3143 379 3210 ut
400 3123 518 3210 massa
537 3126 784 3234 corporis·A
799 3123 850 3208 ad
871 3121 1032 3209 massam
1055 3134 1240 3236 corporis
1262 3127 1313 3210 B.
1371 3129 1426 3246 Q
1446 3128 1498 3211 E.
1514 3127 1577 3216 D.

182 3248 308 3330 Coros.
332 3275 364 3329 t.
400 3244 516 3330 Hine
542 3247 572 3328 fi
598 3246 747 3352 sangula
768 3245 987 3351 systematis
1015 3271 1190 3354 corpora
1215 3249 1271 3345 A,
1290 3248 1343 3344 B,
1364 3251 1409 3347 C,
1437 3251 1500 3348 D,
1528 3251 1609 3337 &o
1637 3253 1695 3340 se·

128 3371 249 3455 orfim
279 3365 451 3480 speslata
489 3371 647 3453 trahant
676 3385 825 3451 caetera
850 3368 987 3451 omnia
1017 3369 1169 3453 viribus
1202 3374 1566 3477 acceleratricibus,
1599 3405 1693 3494 quae

125 3495 218 3581 sunt
236 3495 449 3605 reciproce
472 3511 517 3576 ut
535 3491 730 3604 quadrata
750 3491 1026 3577 distantiarum
1047 3520 1070 3578 a
1089 3495 1275 3581 trahente
1291 3533 1303 3594 ;
1334 3517 1454 3584 erunt
1473 3526 1695 3613 corporum

125 3621 289 3706 illorum
309 3619 494 3704 omnium
516 3619 622 3702 vires
647 3617 838 3702 absolutae
867 3617 918 3700 ad
953 3619 1130 3704 invicem
1160 3639 1207 3704 ut
1235 3622 1325 3706 sunt
1346 3625 1427 3734 ipsa
1455 3652 1639 3740 corpora.

179 3737 367 3828 Corolsa
401 3739 566 3826 Eodem
595 3762 851 3851 argument0,
886 3741 915 3826 s1
944 3743 1093 3852 singula
1121 3744 1342 3854 syllematis
1372 3771 1545 3862 corpora
1569 3759 1623 3852 A,
1644 3753 1698 3847 B,

128 3869 173 3965 C,
200 3869 266 3964 Ἰ),
293 3865 373 3952 &c
404 3867 566 3952 seorsrm
591 3863 763 3976 spesiata
790 3869 948 3952 trahant
975 3891 1123 3953 caetera
1149 3873 1286 3955 omnia
1317 3873 1469 3960 viribus
1497 3881 1696 3964 accelera·
1787 3879 1788 3882 ‘

127 3992 309 4088 tricibus,
344 4015 437 4104 quae
469 3990 559 4075 sunt
587 3989 651 4074 vel
677 3991 903 4100 reciproce,
937 3997 1001 4076 vel
1031 3993 1185 4078 diresle
1217 3997 1258 4080 in
1294 3999 1451 4082 ratione
1484 4001 1696 4108 dignitatis

127 4114 404 4226 cujuscunque
423 4113 742 4197 dillantiaruma
765 4117 965 4209 trahente,
995 4143 1139 4227 qnaeve
1161 4117 1383 4204 secundum
1398 4123 1532 4228 legent
1555 4149 1696 4234 quam·

127 4267 289 4352 cunque
311 4264 573 4324 communem
593 4263 646 4322 ex
664 4233 857 4340 distantiis
877 4239 925 4322 ab
946 4265 1198 4360 unoquoque
1220 4245 1403 4328 trahente
1424 4245 1698 4361 deliniuntur,

122 4365 281 4446 constat
306 4364 418 4474 quod
445 4387 667 4470 corporum
694 4361 858 4444 illorum
878 4361 984 4445 vires
1011 4363 1202 4448 absolutae
1222 4363 1311 4448 sunt
1337 4388 1381 4450 ut
1403 4393 1589 4477 corpora.

184 4487 308 4567 Corol.
328 4513 361 4582 3·
397 4483 440 4568 ln
469 4484 677 4596 systemate
705 4509 943 4594 corporum,
970 4511 1148 4598 quorum
1178 4487 1281 4572 vires
1309 4489 1551 4578 decrescunt
1573 4497 1614 4580 in
1635 4523 1698 4581 ra-

130 4611 242 4694 tione
264 4609 466 4719 duplicata
485 4609 778 4706 distantiarum,
807 4608 836 4691 sr
858 4609 1014 4694 minora
1034 4613 1142 4697 circa
1163 4618 1385 4700 maximum
1414 4621 1456 4702 in
1486 4623 1698 4731 ellipstbus,

128 4733 368 4819 umbilicum
401 4760 664 4820 communem
701 4737 742 4820 in
773 4737 938 4820 maximi
963 4739 1066 4821 illies
1102 4761 1247 4824 centro
1282 4741 1536 4838 habentibus,
1575 4772 1699 4856 quam

127 4862 215 4946 fieri
230 4861 368 4974 potest
394 4860 697 4949 accuratissimis
726 4863 1012 5070 revolssantun
1048 4864 1090 4950 ἃ
1118 4867 1238 4954 radiis
1260 4867 1317 4952 -acl
1351 4869 1573 4952 maximum
1601 4869 1701 4956 illud

908 4987 939 5070 b
972 5019 993 5070 2
1563 4989 1703 5080 alubis
