<?xml version="1.0" encoding="UTF-8"?>
<!DOCTYPE html PUBLIC "-//W3C//DTD XHTML 1.0 Transitional//EN"
    "http://www.w3.org/TR/xhtml1/DTD/xhtml1-transitional.dtd">
<html xmlns="http://www.w3.org/1999/xhtml" xml:lang="en" lang="en">
 <head>
  <title>
</title>
<meta http-equiv="Content-Type" content="text/html;charset=utf-8" />
  <meta name='ocr-system' content='tesseract 3.04.00' />
  <meta name='ocr-capabilities' content='ocr_page ocr_carea ocr_par ocr_line ocrx_word'/>
</head>
<body>
  <div class='ocr_page' id='page_1' title='image "./philosophinatur00cotegoog_0241.png"; bbox 0 0 4312 5652; ppageno 0'>
   <div class='ocr_carea' id='block_1_1' title="bbox 446 171 1766 275">
    <p class='ocr_par' dir='ltr' id='par_1_1' title="bbox 446 171 1766 275">
     <span class='ocr_line' id='line_1_1' title="bbox 446 171 1766 275; baseline 0.005 -7"><span class='ocrx_word' id='word_1_1' title='bbox 446 171 546 268; x_wconf 90' lang='lat'>186</span> <span class='ocrx_word' id='word_1_2' title='bbox 719 171 1253 270; x_wconf 83' lang='lat' dir='ltr'>PHILOSOPHIAE</span> <span class='ocrx_word' id='word_1_3' title='bbox 1299 171 1766 275; x_wconf 87' lang='lat' dir='ltr'>NATURALl&#39;S</span> 
     </span>
    </p>
   </div>
   <div class='ocr_carea' id='block_1_2' title="bbox 228 339 2135 4038">
    <p class='ocr_par' dir='ltr' id='par_1_2' title="bbox 228 339 2135 2570">
     <span class='ocr_line' id='line_1_2' title="bbox 230 339 2016 455; baseline 0.009 -33"><span class='ocrx_word' id='word_1_4' title='bbox 230 339 417 402; x_wconf 64' lang='lat' dir='ltr'>misor-⁰</span> <span class='ocrx_word' id='word_1_5' title='bbox 445 363 594 453; x_wconf 90' lang='lat' dir='ltr'>corpus</span> <span class='ocrx_word' id='word_1_6' title='bbox 628 339 898 451; x_wconf 82' lang='lat' dir='ltr'>Sconjunttis</span> <span class='ocrx_word' id='word_1_7' title='bbox 927 341 1078 428; x_wconf 90' lang='lat' dir='ltr'>viribus</span> <span class='ocrx_word' id='word_1_8' title='bbox 1106 363 1289 452; x_wconf 88' lang='lat' dir='ltr'>urgetur,</span> <span class='ocrx_word' id='word_1_9' title='bbox 1315 347 1551 455; x_wconf 86' lang='lat' dir='ltr'>proximum</span> <span class='ocrx_word' id='word_1_10' title='bbox 1570 345 1651 433; x_wconf 86' lang='lat' dir='ltr'>esse</span> <span class='ocrx_word' id='word_1_11' title='bbox 1676 348 1887 434; x_wconf 89' lang='lat' dir='ltr'>communi</span> <span class='ocrx_word' id='word_1_12' title='bbox 1916 377 2016 438; x_wconf 85' lang='lat' dir='ltr'>ceu·</span> 
     </span>
     <span class='ocr_line' id='line_1_3' title="bbox 228 419 2018 572; baseline 0.009 -29"><span class='ocrx_word' id='word_1_13' title='bbox 228 419 408 484; x_wconf 60' lang='lat' dir='ltr'>Corsorum</span> <span class='ocrx_word' id='word_1_14' title='bbox 445 479 513 546; x_wconf 86' lang='lat' dir='ltr'>tro</span> <span class='ocrx_word' id='word_1_15' title='bbox 541 465 746 572; x_wconf 87' lang='lat' dir='ltr'>gravitatis</span> <span class='ocrx_word' id='word_1_16' title='bbox 774 465 952 549; x_wconf 90' lang='lat' dir='ltr'>duorum</span> <span class='ocrx_word' id='word_1_17' title='bbox 983 467 1157 550; x_wconf 91' lang='lat' dir='ltr'>illorum.</span> <span class='ocrx_word' id='word_1_18' title='bbox 1220 465 1262 551; x_wconf 90' lang='lat' dir='ltr'>Si</span> <span class='ocrx_word' id='word_1_19' title='bbox 1297 469 1553 557; x_wconf 89' lang='lat' dir='ltr'>coincideret</span> <span class='ocrx_word' id='word_1_20' title='bbox 1582 473 1662 556; x_wconf 93' lang='lat' dir='ltr'>hoc</span> <span class='ocrx_word' id='word_1_21' title='bbox 1693 493 1883 556; x_wconf 88' lang='lat' dir='ltr'>centrum</span> <span class='ocrx_word' id='word_1_22' title='bbox 1915 500 2018 559; x_wconf 84' lang='lat' dir='ltr'>oum</span> 
     </span>
     <span class='ocr_line' id='line_1_4' title="bbox 441 587 2018 706; baseline 0.008 -36"><span class='ocrx_word' id='word_1_23' title='bbox 441 607 588 673; x_wconf 91' lang='lat' dir='ltr'>centro</span> <span class='ocrx_word' id='word_1_24' title='bbox 618 589 690 673; x_wconf 92' lang='lat' dir='ltr'>illo</span> <span class='ocrx_word' id='word_1_25' title='bbox 727 592 954 686; x_wconf 90' lang='lat' dir='ltr'>communi,</span> <span class='ocrx_word' id='word_1_26' title='bbox 991 587 1288 703; x_wconf 87' lang='lat' dir='ltr'>&amp;quiesceret</span> <span class='ocrx_word' id='word_1_27' title='bbox 1322 620 1546 684; x_wconf 89' lang='lat' dir='ltr'>commune</span> <span class='ocrx_word' id='word_1_28' title='bbox 1581 615 1770 680; x_wconf 88' lang='lat' dir='ltr'>centrum</span> <span class='ocrx_word' id='word_1_29' title='bbox 1805 599 2018 706; x_wconf 86' lang='lat' dir='ltr'>gravitatis</span> 
     </span>
     <span class='ocr_line' id='line_1_5' title="bbox 442 715 2016 838; baseline 0.007 -42"><span class='ocrx_word' id='word_1_30' title='bbox 442 738 667 826; x_wconf 86' lang='lat' dir='ltr'>corporum</span> <span class='ocrx_word' id='word_1_31' title='bbox 690 717 811 801; x_wconf 88' lang='lat' dir='ltr'>trium</span> <span class='ocrx_word' id='word_1_32' title='bbox 821 715 834 813; x_wconf 68' lang='grc' dir='ltr'>’ς</span> <span class='ocrx_word' id='word_1_33' title='bbox 865 715 1143 830; x_wconf 82' lang='lat' dir='ltr'>describerent</span> <span class='ocrx_word' id='word_1_34' title='bbox 1174 743 1323 828; x_wconf 87' lang='lat' dir='ltr'>corpus</span> <span class='ocrx_word' id='word_1_35' title='bbox 1345 721 1450 808; x_wconf 82' lang='lat' dir='ltr'>Sex</span> <span class='ocrx_word' id='word_1_36' title='bbox 1471 742 1693 838; x_wconf 85' lang='lat' dir='ltr'>unaparte,</span> <span class='ocrx_word' id='word_1_37' title='bbox 1721 721 2016 807; x_wconf 86' lang='lat' dir='ltr'>&amp;commune</span> 
     </span>
     <span class='ocr_line' id='line_1_6' title="bbox 439 839 1329 954; baseline 0.006 -32"><span class='ocrx_word' id='word_1_38' title='bbox 439 860 628 924; x_wconf 85' lang='lat' dir='ltr'>centrum</span> <span class='ocrx_word' id='word_1_39' title='bbox 644 843 815 926; x_wconf 87' lang='lat' dir='ltr'>aliorum</span> <span class='ocrx_word' id='word_1_40' title='bbox 830 839 1007 924; x_wconf 91' lang='lat' dir='ltr'>duorum</span> <span class='ocrx_word' id='word_1_41' title='bbox 1024 865 1077 923; x_wconf 86' lang='lat' dir='ltr'>ex</span> <span class='ocrx_word' id='word_1_42' title='bbox 1095 841 1219 924; x_wconf 90' lang='lat' dir='ltr'>altera</span> <span class='ocrx_word' id='word_1_43' title='bbox 1238 867 1329 954; x_wconf 91' lang='lat' dir='ltr'>par-</span> 
     </span>
     <span class='ocr_line' id='line_1_7' title="bbox 441 965 1329 1058; baseline 0.008 -12"><span class='ocrx_word' id='word_1_44' title='bbox 441 983 497 1058; x_wconf 89' lang='lat' dir='ltr'>te,</span> <span class='ocrx_word' id='word_1_45' title='bbox 532 965 640 1048; x_wconf 87' lang='lat' dir='ltr'>circa</span> <span class='ocrx_word' id='word_1_46' title='bbox 673 993 895 1052; x_wconf 87' lang='lat' dir='ltr'>commune</span> <span class='ocrx_word' id='word_1_47' title='bbox 925 965 1110 1050; x_wconf 90' lang='lat' dir='ltr'>omnium</span> <span class='ocrx_word' id='word_1_48' title='bbox 1140 987 1329 1054; x_wconf 84' lang='lat' dir='ltr'>centrum</span> 
     </span>
     <span class='ocr_line' id='line_1_8' title="bbox 440 1089 1857 1242; baseline 0.001 -66"><span class='ocrx_word' id='word_1_49' title='bbox 440 1089 663 1202; x_wconf 87' lang='lat' dir='ltr'>quiescens,</span> <span class='ocrx_word' id='word_1_50' title='bbox 697 1093 851 1202; x_wconf 90' lang='lat' dir='ltr'>ellipses</span> <span class='ocrx_word' id='word_1_51' title='bbox 881 1111 1098 1176; x_wconf 87' lang='lat' dir='ltr'>accuratas.</span> <span class='ocrx_word' id='word_1_52' title='bbox 1170 1091 1325 1206; x_wconf 90' lang='lat' dir='ltr'>Liquet</span> <span class='ocrx_word' id='word_1_53' title='bbox 1354 1153 1377 1221; x_wconf 66' lang='lat' dir='ltr'>s</span> <span class='ocrx_word' id='word_1_54' title='bbox 1417 1128 1857 1242; x_wconf 63' lang='lat'>...........„„„„‘0.</span> 
     </span>
     <span class='ocr_line' id='line_1_9' title="bbox 439 1215 1325 1328; baseline 0.005 -32"><span class='ocrx_word' id='word_1_55' title='bbox 439 1215 520 1296; x_wconf 91' lang='lat' dir='ltr'>hoc</span> <span class='ocrx_word' id='word_1_56' title='bbox 548 1239 621 1324; x_wconf 88' lang='lat' dir='ltr'>per</span> <span class='ocrx_word' id='word_1_57' title='bbox 647 1216 906 1300; x_wconf 87' lang='lat' dir='ltr'>corollarium</span> <span class='ocrx_word' id='word_1_58' title='bbox 933 1215 1155 1302; x_wconf 89' lang='lat' dir='ltr'>secundum</span> <span class='ocrx_word' id='word_1_59' title='bbox 1176 1242 1325 1328; x_wconf 92' lang='lat' dir='ltr'>propo·</span> 
     </span>
     <span class='ocr_line' id='line_1_10' title="bbox 436 1337 1325 1431; baseline 0.01 -9"><span class='ocrx_word' id='word_1_60' title='bbox 436 1337 589 1426; x_wconf 89' lang='lat' dir='ltr'>srtionis</span> <span class='ocrx_word' id='word_1_61' title='bbox 615 1368 757 1427; x_wconf 78' lang='lat' dir='ltr'>nvrrr.</span> <span class='ocrx_word' id='word_1_62' title='bbox 799 1343 991 1427; x_wconf 91' lang='lat' dir='ltr'>collatum</span> <span class='ocrx_word' id='word_1_63' title='bbox 1028 1369 1124 1428; x_wconf 91' lang='lat' dir='ltr'>curn</span> <span class='ocrx_word' id='word_1_64' title='bbox 1154 1343 1325 1431; x_wconf 89' lang='lat' dir='ltr'>demon·</span> 
     </span>
     <span class='ocr_line' id='line_1_11' title="bbox 435 1460 2133 1578; baseline 0.002 -34"><span class='ocrx_word' id='word_1_65' title='bbox 435 1460 564 1549; x_wconf 80' lang='lat' dir='ltr'>stratis</span> <span class='ocrx_word' id='word_1_66' title='bbox 583 1467 624 1551; x_wconf 88' lang='lat' dir='ltr'>io</span> <span class='ocrx_word' id='word_1_67' title='bbox 646 1491 763 1578; x_wconf 90' lang='lat' dir='ltr'>prop.</span> <span class='ocrx_word' id='word_1_68' title='bbox 788 1493 910 1552; x_wconf 76' lang='lat' dir='ltr'>cxiv.</span> <span class='ocrx_word' id='word_1_69' title='bbox 937 1465 980 1550; x_wconf 77' lang='grc' dir='ltr'>δι</span> <span class='ocrx_word' id='word_1_70' title='bbox 1000 1493 1092 1552; x_wconf 76' lang='lat' dir='ltr'>cxv.</span> <span class='ocrx_word' id='word_1_71' title='bbox 1163 1471 1324 1553; x_wconf 89' lang='lat' dir='ltr'>Pertur-</span> <span class='ocrx_word' id='word_1_72' title='bbox 2132 1535 2133 1548; x_wconf 67' lang='lat'>.</span> 
     </span>
     <span class='ocr_line' id='line_1_12' title="bbox 437 1588 2135 1705; baseline 0.005 -29"><span class='ocrx_word' id='word_1_73' title='bbox 437 1591 557 1677; x_wconf 89' lang='lat' dir='ltr'>batur</span> <span class='ocrx_word' id='word_1_74' title='bbox 576 1592 647 1678; x_wconf 86' lang='lat' dir='ltr'>ille</span> <span class='ocrx_word' id='word_1_75' title='bbox 670 1612 806 1678; x_wconf 89' lang='lat' dir='ltr'>motus</span> <span class='ocrx_word' id='word_1_76' title='bbox 831 1593 1034 1705; x_wconf 88' lang='lat' dir='ltr'>ellipticus</span> <span class='ocrx_word' id='word_1_77' title='bbox 1069 1594 1362 1705; x_wconf 90' lang='lat' dir='ltr'>aliquantulum</span> <span class='ocrx_word' id='word_1_78' title='bbox 1387 1615 1462 1702; x_wconf 87' lang='lat' dir='ltr'>per</span> <span class='ocrx_word' id='word_1_79' title='bbox 1488 1588 1719 1678; x_wconf 83' lang='lat' dir='ltr'>distantiam</span> <span class='ocrx_word' id='word_1_80' title='bbox 1744 1597 1877 1682; x_wconf 86' lang='lat' dir='ltr'>centri</span> <span class='ocrx_word' id='word_1_81' title='bbox 1894 1599 2006 1686; x_wconf 83' lang='lat' dir='ltr'>duo·</span> <span class='ocrx_word' id='word_1_82' title='bbox 2134 1589 2135 1672; x_wconf 82' lang='lat'><em>}</em></span> 
     </span>
     <span class='ocr_line' id='line_1_13' title="bbox 436 1707 2135 1829; baseline 0.005 -27"><span class='ocrx_word' id='word_1_83' title='bbox 436 1742 531 1804; x_wconf 87' lang='lat' dir='ltr'>rum</span> <span class='ocrx_word' id='word_1_84' title='bbox 559 1747 581 1802; x_wconf 89' lang='lat' dir='ltr'>a</span> <span class='ocrx_word' id='word_1_85' title='bbox 612 1738 772 1814; x_wconf 89' lang='lat' dir='ltr'>centro,</span> <span class='ocrx_word' id='word_1_86' title='bbox 802 1718 844 1802; x_wconf 90' lang='lat' dir='ltr'>in</span> <span class='ocrx_word' id='word_1_87' title='bbox 864 1717 978 1829; x_wconf 92' lang='lat' dir='ltr'>quod</span> <span class='ocrx_word' id='word_1_88' title='bbox 1008 1719 1176 1803; x_wconf 90' lang='lat' dir='ltr'>tertium</span> <span class='ocrx_word' id='word_1_89' title='bbox 1204 1717 1480 1803; x_wconf 86' lang='lat' dir='ltr'>Sattrahitur.</span> <span class='ocrx_word' id='word_1_90' title='bbox 1534 1714 1670 1799; x_wconf 85' lang='lat' dir='ltr'>Detur</span> <span class='ocrx_word' id='word_1_91' title='bbox 1692 1739 1891 1827; x_wconf 77' lang='lat' dir='ltr'>praeterea</span> <span class='ocrx_word' id='word_1_92' title='bbox 1919 1751 2005 1810; x_wconf 90' lang='lat' dir='ltr'>mo·</span> <span class='ocrx_word' id='word_1_93' title='bbox 2133 1707 2135 1752; x_wconf 59' lang='lat'>¹</span> 
     </span>
     <span class='ocr_line' id='line_1_14' title="bbox 435 1837 2004 1952; baseline 0.004 -25"><span class='ocrx_word' id='word_1_94' title='bbox 435 1859 501 1929; x_wconf 86' lang='lat' dir='ltr'>tus</span> <span class='ocrx_word' id='word_1_95' title='bbox 523 1845 734 1930; x_wconf 89' lang='lat' dir='ltr'>communi</span> <span class='ocrx_word' id='word_1_96' title='bbox 766 1843 891 1926; x_wconf 90' lang='lat' dir='ltr'>trium</span> <span class='ocrx_word' id='word_1_97' title='bbox 914 1861 1071 1940; x_wconf 90' lang='lat' dir='ltr'>centro,</span> <span class='ocrx_word' id='word_1_98' title='bbox 1098 1841 1373 1951; x_wconf 85' lang='lat' dir='ltr'>&amp;augebitur</span> <span class='ocrx_word' id='word_1_99' title='bbox 1399 1839 1666 1952; x_wconf 76' lang='lat' dir='ltr'>perturbatio.</span> <span class='ocrx_word' id='word_1_100' title='bbox 1722 1837 1913 1930; x_wconf 77' lang='lat' dir='ltr'>Proinde</span> <span class='ocrx_word' id='word_1_101' title='bbox 1934 1853 2004 1936; x_wconf 87' lang='lat' dir='ltr'>mi-</span> 
     </span>
     <span class='ocr_line' id='line_1_15' title="bbox 433 1963 2004 2080; baseline 0.001 -24"><span class='ocrx_word' id='word_1_102' title='bbox 433 1969 543 2056; x_wconf 86' lang='lat' dir='ltr'>nima</span> <span class='ocrx_word' id='word_1_103' title='bbox 566 1963 623 2055; x_wconf 81' lang='lat' dir='ltr'>&#39;est</span> <span class='ocrx_word' id='word_1_104' title='bbox 655 1967 923 2080; x_wconf 84' lang='lat' dir='ltr'>perturbatio,</span> <span class='ocrx_word' id='word_1_105' title='bbox 956 1967 1027 2053; x_wconf 92' lang='lat' dir='ltr'>ubi</span> <span class='ocrx_word' id='word_1_106' title='bbox 1056 1989 1277 2052; x_wconf 89' lang='lat' dir='ltr'>commune</span> <span class='ocrx_word' id='word_1_107' title='bbox 1307 1965 1432 2051; x_wconf 91' lang='lat' dir='ltr'>trium</span> <span class='ocrx_word' id='word_1_108' title='bbox 1462 1983 1650 2050; x_wconf 88' lang='lat' dir='ltr'>centrum</span> <span class='ocrx_word' id='word_1_109' title='bbox 1682 1967 1884 2079; x_wconf 83' lang='lat' dir='ltr'>quiescit;</span> <span class='ocrx_word' id='word_1_110' title='bbox 1924 1975 2004 2064; x_wconf 85' lang='lat' dir='ltr'>boc</span> 
     </span>
     <span class='ocr_line' id='line_1_16' title="bbox 433 2087 2002 2205; baseline 0.007 -28"><span class='ocrx_word' id='word_1_111' title='bbox 433 2094 505 2190; x_wconf 90' lang='lat' dir='ltr'>est,</span> <span class='ocrx_word' id='word_1_112' title='bbox 533 2094 603 2179; x_wconf 92' lang='lat' dir='ltr'>ubi</span> <span class='ocrx_word' id='word_1_113' title='bbox 622 2117 771 2205; x_wconf 90' lang='lat' dir='ltr'>corpus</span> <span class='ocrx_word' id='word_1_114' title='bbox 798 2093 989 2180; x_wconf 87' lang='lat' dir='ltr'>intimum</span> <span class='ocrx_word' id='word_1_115' title='bbox 1008 2090 1051 2177; x_wconf 81' lang='lat' dir='ltr'>dt</span> <span class='ocrx_word' id='word_1_116' title='bbox 1073 2093 1298 2178; x_wconf 84' lang='lat' dir='ltr'>maximum</span> <span class='ocrx_word' id='word_1_117' title='bbox 1322 2087 1363 2172; x_wconf 88' lang='lat' dir='ltr'><em>T</em></span> <span class='ocrx_word' id='word_1_118' title='bbox 1379 2091 1470 2199; x_wconf 90' lang='lat' dir='ltr'>lege</span> <span class='ocrx_word' id='word_1_119' title='bbox 1498 2107 1745 2174; x_wconf 83' lang='lat' dir='ltr'>caeterorum</span> <span class='ocrx_word' id='word_1_120' title='bbox 1766 2096 2002 2190; x_wconf 81' lang='lat' dir='ltr'>attrahitur:</span> 
     </span>
     <span class='ocr_line' id='line_1_17' title="bbox 431 2215 2001 2336; baseline 0.003 -29"><span class='ocrx_word' id='word_1_121' title='bbox 431 2222 562 2336; x_wconf 83' lang='lat' dir='ltr'>fitque</span> <span class='ocrx_word' id='word_1_122' title='bbox 591 2219 719 2329; x_wconf 88' lang='lat' dir='ltr'>major</span> <span class='ocrx_word' id='word_1_123' title='bbox 743 2219 916 2330; x_wconf 85' lang='lat' dir='ltr'>semper,</span> <span class='ocrx_word' id='word_1_124' title='bbox 951 2219 1022 2304; x_wconf 94' lang='lat' dir='ltr'>ubi</span> <span class='ocrx_word' id='word_1_125' title='bbox 1048 2221 1173 2304; x_wconf 91' lang='lat' dir='ltr'>trium</span> <span class='ocrx_word' id='word_1_126' title='bbox 1198 2239 1421 2302; x_wconf 89' lang='lat' dir='ltr'>commuue</span> <span class='ocrx_word' id='word_1_127' title='bbox 1452 2215 1553 2300; x_wconf 92' lang='lat' dir='ltr'>illud</span> <span class='ocrx_word' id='word_1_128' title='bbox 1578 2237 1781 2316; x_wconf 90' lang='lat' dir='ltr'>centrum,</span> <span class='ocrx_word' id='word_1_129' title='bbox 1816 2221 2001 2312; x_wconf 87' lang='lat' dir='ltr'>minuen-</span> 
     </span>
     <span class='ocr_line' id='line_1_18' title="bbox 431 2338 1999 2465; baseline -0.001 -31"><span class='ocrx_word' id='word_1_130' title='bbox 431 2349 490 2434; x_wconf 91' lang='lat' dir='ltr'>do</span> <span class='ocrx_word' id='word_1_131' title='bbox 514 2369 675 2434; x_wconf 86' lang='lat' dir='ltr'>motum</span> <span class='ocrx_word' id='word_1_132' title='bbox 694 2344 880 2458; x_wconf 89' lang='lat' dir='ltr'>corporis</span> <span class='ocrx_word' id='word_1_133' title='bbox 905 2343 953 2442; x_wconf 86' lang='lat' dir='ltr'>T,</span> <span class='ocrx_word' id='word_1_134' title='bbox 979 2345 1140 2431; x_wconf 88' lang='lat' dir='ltr'>moveri</span> <span class='ocrx_word' id='word_1_135' title='bbox 1163 2343 1320 2455; x_wconf 86' lang='lat' dir='ltr'>incipit,</span> <span class='ocrx_word' id='word_1_136' title='bbox 1345 2338 1389 2424; x_wconf 79' lang='grc' dir='ltr'>δι</span> <span class='ocrx_word' id='word_1_137' title='bbox 1416 2339 1542 2450; x_wconf 85' lang='lat' dir='ltr'>magis</span> <span class='ocrx_word' id='word_1_138' title='bbox 1571 2341 1768 2455; x_wconf 86' lang='lat' dir='ltr'>deinceps</span> <span class='ocrx_word' id='word_1_139' title='bbox 1793 2348 1999 2465; x_wconf 83' lang='lat' dir='ltr'>magisque</span> 
     </span>
     <span class='ocr_line' id='line_1_19' title="bbox 431 2459 617 2570; baseline -0.011 -28"><span class='ocrx_word' id='word_1_140' title='bbox 431 2459 617 2570; x_wconf 82' lang='lat' dir='ltr'>agitatur.</span> 
     </span>
    </p>

    <p class='ocr_par' dir='ltr' id='par_1_3' title="bbox 485 2577 2000 2694">
     <span class='ocr_line' id='line_1_20' title="bbox 485 2577 2000 2694; baseline 0.003 -24"><span class='ocrx_word' id='word_1_141' title='bbox 485 2583 611 2670; x_wconf 80' lang='lat' dir='ltr'>Coros.</span> <span class='ocrx_word' id='word_1_142' title='bbox 640 2577 696 2667; x_wconf 85' lang='lat' dir='ltr'>Et</span> <span class='ocrx_word' id='word_1_143' title='bbox 718 2580 828 2680; x_wconf 92' lang='lat' dir='ltr'>binc,</span> <span class='ocrx_word' id='word_1_144' title='bbox 856 2581 885 2666; x_wconf 87' lang='lat' dir='ltr'>ii</span> <span class='ocrx_word' id='word_1_145' title='bbox 910 2606 1084 2694; x_wconf 90' lang='lat' dir='ltr'>corpora</span> <span class='ocrx_word' id='word_1_146' title='bbox 1118 2583 1234 2694; x_wconf 86' lang='lat' dir='ltr'>plura</span> <span class='ocrx_word' id='word_1_147' title='bbox 1268 2582 1427 2668; x_wconf 86' lang='lat' dir='ltr'>minora</span> <span class='ocrx_word' id='word_1_148' title='bbox 1456 2581 1719 2668; x_wconf 79' lang='lat' dir='ltr'>resolvuntur</span> <span class='ocrx_word' id='word_1_149' title='bbox 1743 2583 1859 2670; x_wconf 84' lang='lat' dir='ltr'>circa</span> <span class='ocrx_word' id='word_1_150' title='bbox 1876 2591 2000 2674; x_wconf 82' lang='lat' dir='ltr'>maxi·</span> 
     </span>
    </p>

    <p class='ocr_par' dir='ltr' id='par_1_4' title="bbox 420 2706 2000 4038">
     <span class='ocr_line' id='line_1_21' title="bbox 426 2706 1998 2823; baseline -0.003 -24"><span class='ocrx_word' id='word_1_151' title='bbox 426 2735 556 2808; x_wconf 89' lang='lat' dir='ltr'>muru,</span> <span class='ocrx_word' id='word_1_152' title='bbox 597 2709 791 2817; x_wconf 89' lang='lat' dir='ltr'>colligere</span> <span class='ocrx_word' id='word_1_153' title='bbox 823 2707 921 2794; x_wconf 90' lang='lat' dir='ltr'>licet</span> <span class='ocrx_word' id='word_1_154' title='bbox 953 2706 1069 2823; x_wconf 88' lang='lat' dir='ltr'>quod</span> <span class='ocrx_word' id='word_1_155' title='bbox 1101 2707 1248 2794; x_wconf 83' lang='lat' dir='ltr'>orbitae</span> <span class='ocrx_word' id='word_1_156' title='bbox 1278 2706 1493 2820; x_wconf 75' lang='lat' dir='ltr'>descripte</span> <span class='ocrx_word' id='word_1_157' title='bbox 1521 2706 1688 2820; x_wconf 87' lang='lat' dir='ltr'>propius</span> <span class='ocrx_word' id='word_1_158' title='bbox 1719 2709 1920 2796; x_wconf 77' lang='lat' dir='ltr'>accedent</span> <span class='ocrx_word' id='word_1_159' title='bbox 1946 2707 1998 2796; x_wconf 90' lang='lat' dir='ltr'>ad</span> 
     </span>
     <span class='ocr_line' id='line_1_22' title="bbox 427 2830 2000 2948; baseline 0.001 -28"><span class='ocrx_word' id='word_1_160' title='bbox 427 2837 636 2946; x_wconf 89' lang='lat' dir='ltr'>ellipticas,</span> <span class='ocrx_word' id='word_1_161' title='bbox 664 2830 709 2914; x_wconf 74' lang='grc' dir='ltr'>δι</span> <span class='ocrx_word' id='word_1_162' title='bbox 741 2855 924 2917; x_wconf 84' lang='lat' dir='ltr'>arearum</span> <span class='ocrx_word' id='word_1_163' title='bbox 943 2831 1235 2941; x_wconf 88' lang='lat' dir='ltr'>descriptiones</span> <span class='ocrx_word' id='word_1_164' title='bbox 1254 2833 1355 2916; x_wconf 90' lang='lat' dir='ltr'>fient</span> <span class='ocrx_word' id='word_1_165' title='bbox 1373 2833 1500 2940; x_wconf 83' lang='lat' dir='ltr'>magis</span> <span class='ocrx_word' id='word_1_166' title='bbox 1518 2832 1750 2943; x_wconf 76' lang='lat' dir='ltr'>aequabiles,</span> <span class='ocrx_word' id='word_1_167' title='bbox 1778 2833 1807 2918; x_wconf 87' lang='lat' dir='ltr'>fi</span> <span class='ocrx_word' id='word_1_168' title='bbox 1826 2861 2000 2948; x_wconf 87' lang='lat' dir='ltr'>eorporr</span> 
     </span>
     <span class='ocr_line' id='line_1_23' title="bbox 426 2953 1999 3067; baseline 0.002 -25"><span class='ocrx_word' id='word_1_169' title='bbox 426 2959 569 3050; x_wconf 81' lang='lat' dir='ltr'>omnia</span> <span class='ocrx_word' id='word_1_170' title='bbox 590 2955 742 3050; x_wconf 83' lang='lat' dir='ltr'>uiribus</span> <span class='ocrx_word' id='word_1_171' title='bbox 777 2953 1141 3054; x_wconf 83' lang='lat' dir='ltr'>acceleratricibus,</span> <span class='ocrx_word' id='word_1_172' title='bbox 1180 2978 1276 3067; x_wconf 63' lang='lat' dir='ltr'>qua</span> <span class='ocrx_word' id='word_1_173' title='bbox 1303 2953 1395 3040; x_wconf 90' lang='lat' dir='ltr'>sunt</span> <span class='ocrx_word' id='word_1_174' title='bbox 1424 2971 1646 3046; x_wconf 84' lang='lat' dir='ltr'>uteorum</span> <span class='ocrx_word' id='word_1_175' title='bbox 1670 2955 1778 3040; x_wconf 88' lang='lat' dir='ltr'>vires</span> <span class='ocrx_word' id='word_1_176' title='bbox 1806 2956 1999 3044; x_wconf 85' lang='lat' dir='ltr'>absolutae</span> 
     </span>
     <span class='ocr_line' id='line_1_24' title="bbox 426 3073 1999 3189; baseline -0.002 -24"><span class='ocrx_word' id='word_1_177' title='bbox 426 3077 588 3182; x_wconf 33' lang='lat' dir='ltr'>directe·</span> <span class='ocrx_word' id='word_1_178' title='bbox 604 3076 647 3161; x_wconf 80' lang='lat' dir='ltr'>dt</span> <span class='ocrx_word' id='word_1_179' title='bbox 671 3073 866 3188; x_wconf 89' lang='lat' dir='ltr'>quadrata</span> <span class='ocrx_word' id='word_1_180' title='bbox 893 3075 1180 3168; x_wconf 80' lang='lat' dir='ltr'>distantiarum¹</span> <span class='ocrx_word' id='word_1_181' title='bbox 1196 3073 1366 3173; x_wconf 89' lang='lat' dir='ltr'>inverse,</span> <span class='ocrx_word' id='word_1_182' title='bbox 1400 3075 1441 3160; x_wconf 91' lang='lat' dir='ltr'>se</span> <span class='ocrx_word' id='word_1_183' title='bbox 1466 3095 1614 3162; x_wconf 90' lang='lat' dir='ltr'>mutuo</span> <span class='ocrx_word' id='word_1_184' title='bbox 1641 3077 1800 3163; x_wconf 89' lang='lat' dir='ltr'>trahant</span> <span class='ocrx_word' id='word_1_185' title='bbox 1822 3081 1999 3189; x_wconf 88' lang='lat' dir='ltr'>agitent.</span> 
     </span>
     <span class='ocr_line' id='line_1_25' title="bbox 423 3199 1998 3322; baseline -0.001 -30"><span class='ocrx_word' id='word_1_186' title='bbox 423 3233 520 3322; x_wconf 89' lang='lat' dir='ltr'>que,</span> <span class='ocrx_word' id='word_1_187' title='bbox 560 3203 604 3289; x_wconf 84' lang='lat' dir='ltr'>dc</span> <span class='ocrx_word' id='word_1_188' title='bbox 636 3201 781 3287; x_wconf 86' lang='lat' dir='ltr'>orbitae</span> <span class='ocrx_word' id='word_1_189' title='bbox 815 3199 1007 3316; x_wconf 88' lang='lat' dir='ltr'>cujusque</span> <span class='ocrx_word' id='word_1_190' title='bbox 1036 3200 1253 3288; x_wconf 86' lang='lat' dir='ltr'>umbilicus</span> <span class='ocrx_word' id='word_1_191' title='bbox 1284 3201 1518 3288; x_wconf 86' lang='lat' dir='ltr'>collocetur</span> <span class='ocrx_word' id='word_1_192' title='bbox 1544 3203 1586 3286; x_wconf 89' lang='lat' dir='ltr'>in</span> <span class='ocrx_word' id='word_1_193' title='bbox 1615 3204 1820 3288; x_wconf 89' lang='lat' dir='ltr'>communi</span> <span class='ocrx_word' id='word_1_194' title='bbox 1843 3225 1998 3291; x_wconf 85' lang='lat' dir='ltr'>centro</span> 
     </span>
     <span class='ocr_line' id='line_1_26' title="bbox 422 3322 1996 3443; baseline -0.002 -26"><span class='ocrx_word' id='word_1_195' title='bbox 422 3330 631 3443; x_wconf 84' lang='lat' dir='ltr'>gravitatis</span> <span class='ocrx_word' id='word_1_196' title='bbox 659 3351 886 3440; x_wconf 86' lang='lat' dir='ltr'>corporum</span> <span class='ocrx_word' id='word_1_197' title='bbox 914 3329 1099 3414; x_wconf 86' lang='lat' dir='ltr'>omnium</span> <span class='ocrx_word' id='word_1_198' title='bbox 1128 3328 1373 3414; x_wconf 89' lang='lat' dir='ltr'>interiorum</span> <span class='ocrx_word' id='word_1_199' title='bbox 1405 3322 1616 3431; x_wconf 84' lang='lat' dir='ltr'>(nimirum</span> <span class='ocrx_word' id='word_1_200' title='bbox 1644 3327 1855 3414; x_wconf 85' lang='lat' dir='ltr'>umbilicus</span> <span class='ocrx_word' id='word_1_201' title='bbox 1882 3330 1996 3414; x_wconf 86' lang='lat' dir='ltr'>orbi·</span> 
     </span>
     <span class='ocr_line' id='line_1_27' title="bbox 424 3449 1996 3570; baseline -0.003 -26"><span class='ocrx_word' id='word_1_202' title='bbox 424 3481 478 3546; x_wconf 78' lang='lat' dir='ltr'>tat</span> <span class='ocrx_word' id='word_1_203' title='bbox 510 3459 653 3570; x_wconf 84' lang='lat' dir='ltr'>primoe</span> <span class='ocrx_word' id='word_1_204' title='bbox 682 3454 731 3552; x_wconf 69' lang='grc' dir='ltr'>δι,</span> <span class='ocrx_word' id='word_1_205' title='bbox 753 3454 908 3540; x_wconf 86' lang='lat' dir='ltr'>intimat</span> <span class='ocrx_word' id='word_1_206' title='bbox 945 3455 988 3540; x_wconf 92' lang='lat' dir='ltr'>iu</span> <span class='ocrx_word' id='word_1_207' title='bbox 1014 3473 1166 3542; x_wconf 83' lang='lat' dir='ltr'>centro·</span> <span class='ocrx_word' id='word_1_208' title='bbox 1185 3455 1391 3564; x_wconf 88' lang='lat' dir='ltr'>gravitatis</span> <span class='ocrx_word' id='word_1_209' title='bbox 1416 3455 1601 3563; x_wconf 89' lang='lat' dir='ltr'>corporis</span> <span class='ocrx_word' id='word_1_210' title='bbox 1630 3449 1868 3536; x_wconf 84' lang='lat' dir='ltr'>maximi&amp;</span> <span class='ocrx_word' id='word_1_211' title='bbox 1900 3454 1996 3543; x_wconf 84' lang='lat' dir='ltr'>iriti·</span> 
     </span>
     <span class='ocr_line' id='line_1_28' title="bbox 422 3577 1995 3688; baseline -0.002 -21"><span class='ocrx_word' id='word_1_212' title='bbox 422 3586 508 3680; x_wconf 87' lang='lat' dir='ltr'>mi;</span> <span class='ocrx_word' id='word_1_213' title='bbox 537 3583 604 3666; x_wconf 88' lang='lat' dir='ltr'>ille</span> <span class='ocrx_word' id='word_1_214' title='bbox 633 3579 780 3668; x_wconf 83' lang='lat' dir='ltr'>orbitae</span> <span class='ocrx_word' id='word_1_215' title='bbox 806 3577 1015 3676; x_wconf 83' lang='lat' dir='ltr'>secundae,</span> <span class='ocrx_word' id='word_1_216' title='bbox 1044 3579 1085 3660; x_wconf 89' lang='lat' dir='ltr'>in</span> <span class='ocrx_word' id='word_1_217' title='bbox 1117 3579 1329 3666; x_wconf 90' lang='lat' dir='ltr'>communi</span> <span class='ocrx_word' id='word_1_218' title='bbox 1358 3598 1503 3662; x_wconf 88' lang='lat' dir='ltr'>centro</span> <span class='ocrx_word' id='word_1_219' title='bbox 1533 3579 1737 3688; x_wconf 89' lang='lat' dir='ltr'>gravitatis</span> <span class='ocrx_word' id='word_1_220' title='bbox 1767 3603 1995 3688; x_wconf 90' lang='lat' dir='ltr'>corporum</span> 
     </span>
     <span class='ocr_line' id='line_1_29' title="bbox 422 3701 1993 3816; baseline -0.003 -26"><span class='ocrx_word' id='word_1_221' title='bbox 422 3707 603 3790; x_wconf 91' lang='lat' dir='ltr'>duorum</span> <span class='ocrx_word' id='word_1_222' title='bbox 630 3703 895 3796; x_wconf 68' lang='lat' dir='ltr'>intimorum</span> <span class='ocrx_word' id='word_1_223' title='bbox 924 3701 996 3785; x_wconf 88' lang='lat' dir='ltr'>iste</span> <span class='ocrx_word' id='word_1_224' title='bbox 1024 3704 1170 3800; x_wconf 87' lang='lat' dir='ltr'>tertiae,</span> <span class='ocrx_word' id='word_1_225' title='bbox 1204 3705 1246 3786; x_wconf 90' lang='lat' dir='ltr'>in</span> <span class='ocrx_word' id='word_1_226' title='bbox 1272 3703 1482 3792; x_wconf 88' lang='lat' dir='ltr'>communi</span> <span class='ocrx_word' id='word_1_227' title='bbox 1516 3722 1661 3788; x_wconf 90' lang='lat' dir='ltr'>centro</span> <span class='ocrx_word' id='word_1_228' title='bbox 1686 3705 1891 3816; x_wconf 87' lang='lat' dir='ltr'>gravitatis</span> <span class='ocrx_word' id='word_1_229' title='bbox 1921 3705 1993 3786; x_wconf 90' lang='lat' dir='ltr'>tri-</span> 
     </span>
     <span class='ocr_line' id='line_1_30' title="bbox 420 3819 1995 3940; baseline -0.002 -28"><span class='ocrx_word' id='word_1_230' title='bbox 420 3854 493 3912; x_wconf 91' lang='lat' dir='ltr'>um</span> <span class='ocrx_word' id='word_1_231' title='bbox 512 3825 781 3920; x_wconf 71' lang='lat' dir='ltr'>interiorum</span> <span class='ocrx_word' id='word_1_232' title='bbox 811 3819 854 3905; x_wconf 74' lang='grc' dir='ltr'>ὅτ</span> <span class='ocrx_word' id='word_1_233' title='bbox 881 3821 939 3906; x_wconf 85' lang='lat' dir='ltr'>fic·</span> <span class='ocrx_word' id='word_1_234' title='bbox 962 3823 1174 3934; x_wconf 90' lang='lat' dir='ltr'>deinceps)</span> <span class='ocrx_word' id='word_1_235' title='bbox 1209 3849 1332 3937; x_wconf 88' lang='lat' dir='ltr'>quarn</span> <span class='ocrx_word' id='word_1_236' title='bbox 1359 3825 1388 3912; x_wconf 90' lang='lat' dir='ltr'>sr</span> <span class='ocrx_word' id='word_1_237' title='bbox 1412 3850 1561 3937; x_wconf 85' lang='lat' dir='ltr'>corpus</span> <span class='ocrx_word' id='word_1_238' title='bbox 1588 3825 1779 3912; x_wconf 89' lang='lat' dir='ltr'>intimum</span> <span class='ocrx_word' id='word_1_239' title='bbox 1810 3827 1995 3940; x_wconf 80' lang='lat' dir='ltr'>quiescat</span> 
     </span>
     <span class='ocr_line' id='line_1_31' title="bbox 421 3947 1620 4038; baseline -0.003 -2"><span class='ocrx_word' id='word_1_240' title='bbox 421 3953 465 4036; x_wconf 80' lang='lat' dir='ltr'>dc</span> <span class='ocrx_word' id='word_1_241' title='bbox 485 3952 676 4036; x_wconf 87' lang='lat' dir='ltr'>statuatur</span> <span class='ocrx_word' id='word_1_242' title='bbox 695 3947 924 4033; x_wconf 89' lang='lat' dir='ltr'>communis</span> <span class='ocrx_word' id='word_1_243' title='bbox 943 3947 1157 4036; x_wconf 90' lang='lat' dir='ltr'>umbilicus</span> <span class='ocrx_word' id='word_1_244' title='bbox 1179 3949 1405 4038; x_wconf 88' lang='lat' dir='ltr'>orbitarum</span> <span class='ocrx_word' id='word_1_245' title='bbox 1424 3952 1620 4038; x_wconf 90' lang='lat' dir='ltr'>omnium.</span> 
     </span>
    </p>
   </div>
   <div class='ocr_carea' id='block_1_3' title="bbox 486 4277 1910 4377">
    <p class='ocr_par' dir='ltr' id='par_1_5' title="bbox 486 4277 1910 4377">
     <span class='ocr_line' id='line_1_32' title="bbox 486 4277 1910 4377; baseline -0.002 -1"><span class='ocrx_word' id='word_1_246' title='bbox 486 4277 956 4376; x_wconf 73' lang='lat' dir='ltr'>ruopostTto</span> <span class='ocrx_word' id='word_1_247' title='bbox 991 4279 1165 4376; x_wconf 79' lang='lat' dir='ltr'>LXIX.</span> <span class='ocrx_word' id='word_1_248' title='bbox 1250 4279 1690 4377; x_wconf 70' lang='grc' dir='ltr'><strong>ΤΗΕΘΚΕΜΑ</strong></span> <span class='ocrx_word' id='word_1_249' title='bbox 1734 4283 1910 4376; x_wconf 85' lang='grc' dir='ltr'>ΧΧΙΧ.</span> 
     </span>
    </p>
   </div>
   <div class='ocr_carea' id='block_1_4' title="bbox 415 4473 1989 4766">
    <p class='ocr_par' dir='ltr' id='par_1_6' title="bbox 415 4473 1989 4766">
     <span class='ocr_line' id='line_1_33' title="bbox 415 4473 1989 4615; baseline -0.004 -38"><span class='ocrx_word' id='word_1_250' title='bbox 415 4475 471 4578; x_wconf 85' lang='lat' dir='ltr'>In</span> <span class='ocrx_word' id='word_1_251' title='bbox 492 4478 728 4608; x_wconf 65' lang='lat' dir='ltr'>systemate</span> <span class='ocrx_word' id='word_1_252' title='bbox 755 4505 983 4615; x_wconf 81' lang='lat' dir='ltr'>corporum</span> <span class='ocrx_word' id='word_1_253' title='bbox 1008 4476 1211 4613; x_wconf 78' lang='lat' dir='ltr'>pluriam</span> <span class='ocrx_word' id='word_1_254' title='bbox 1245 4487 1306 4600; x_wconf 87' lang='lat' dir='ltr'>A,</span> <span class='ocrx_word' id='word_1_255' title='bbox 1342 4483 1395 4600; x_wconf 88' lang='lat' dir='ltr'>B,</span> <span class='ocrx_word' id='word_1_256' title='bbox 1433 4483 1491 4600; x_wconf 91' lang='lat' dir='ltr'>C,</span> <span class='ocrx_word' id='word_1_257' title='bbox 1529 4481 1590 4599; x_wconf 86' lang='lat' dir='ltr'>D,</span> <span class='ocrx_word' id='word_1_258' title='bbox 1625 4473 1722 4580; x_wconf 65' lang='lat' dir='ltr'>&amp;a</span> <span class='ocrx_word' id='word_1_259' title='bbox 1749 4473 1802 4606; x_wconf 83' lang='lat' dir='ltr'><em>st</em></span> <span class='ocrx_word' id='word_1_260' title='bbox 1834 4499 1989 4610; x_wconf 86' lang='lat' dir='ltr'>corpus</span> 
     </span>
     <span class='ocr_line' id='line_1_34' title="bbox 482 4625 1988 4766; baseline -0.006 -36"><span class='ocrx_word' id='word_1_261' title='bbox 482 4629 673 4766; x_wconf 84' lang='lat' dir='ltr'>aliquod·</span> <span class='ocrx_word' id='word_1_262' title='bbox 694 4641 737 4729; x_wconf 91' lang='lat' dir='ltr'><strong>A</strong></span> <span class='ocrx_word' id='word_1_263' title='bbox 766 4631 907 4730; x_wconf 79' lang='lat' dir='ltr'>trahit</span> <span class='ocrx_word' id='word_1_264' title='bbox 938 4659 1103 4729; x_wconf 82' lang='lat' dir='ltr'>caetera.</span> <span class='ocrx_word' id='word_1_265' title='bbox 1130 4631 1278 4728; x_wconf 81' lang='lat' dir='ltr'>omnia</span> <span class='ocrx_word' id='word_1_266' title='bbox 1307 4639 1359 4755; x_wconf 87' lang='lat' dir='ltr'>B,</span> <span class='ocrx_word' id='word_1_267' title='bbox 1388 4635 1446 4754; x_wconf 86' lang='lat' dir='ltr'>C,</span> <span class='ocrx_word' id='word_1_268' title='bbox 1472 4637 1534 4754; x_wconf 91' lang='lat' dir='ltr'>D,</span> <span class='ocrx_word' id='word_1_269' title='bbox 1573 4627 1671 4734; x_wconf 76' lang='lat' dir='ltr'>&amp;c</span> <span class='ocrx_word' id='word_1_270' title='bbox 1713 4625 1881 4726; x_wconf 79' lang='lat' dir='ltr'>viribus</span> <span class='ocrx_word' id='word_1_271' title='bbox 1902 4660 1988 4722; x_wconf 87' lang='lat' dir='ltr'>ac-</span> 
     </span>
    </p>
   </div>
   <div class='ocr_carea' id='block_1_5' title="bbox 481 4778 1988 5030">
    <p class='ocr_par' dir='ltr' id='par_1_7' title="bbox 481 4778 1988 5030">
     <span class='ocr_line' id='line_1_35' title="bbox 481 4778 1988 4928; baseline -0.009 -44"><span class='ocrx_word' id='word_1_272' title='bbox 481 4785 810 4884; x_wconf 80' lang='lat' dir='ltr'>celeratricibus·</span> <span class='ocrx_word' id='word_1_273' title='bbox 834 4822 930 4928; x_wconf 78' lang='lat' dir='ltr'>qrrae</span> <span class='ocrx_word' id='word_1_274' title='bbox 947 4789 1061 4908; x_wconf 75' lang='lat' dir='ltr'>fiant·</span> <span class='ocrx_word' id='word_1_275' title='bbox 1087 4785 1315 4916; x_wconf 69' lang='lat' dir='ltr'>reciproce⁴</span> <span class='ocrx_word' id='word_1_276' title='bbox 1334 4811 1388 4880; x_wconf 83' lang='lat' dir='ltr'>ut·</span> <span class='ocrx_word' id='word_1_277' title='bbox 1414 4784 1643 4919; x_wconf 69' lang='lat' dir='ltr'>quadrato</span> <span class='ocrx_word' id='word_1_278' title='bbox 1670 4778 1988 4912; x_wconf 69' lang='lat' dir='ltr'>dissentiarum</span> 
     </span>
     <span class='ocr_line' id='line_1_36' title="bbox 1828 4956 1985 5030; baseline -0.032 0"><span class='ocrx_word' id='word_1_279' title='bbox 1828 4956 1985 5030; x_wconf 60' lang='grc' dir='ltr'>ΝΜ·</span> 
     </span>
    </p>
   </div>
   <div class='ocr_carea' id='block_1_6' title="bbox 0 0 2160 5652">
    <p class='ocr_par' dir='ltr' id='par_1_8' title="bbox 0 0 2160 5652">
     <span class='ocr_line' id='line_1_37' title="bbox 0 0 2160 5652; baseline 0 7"><span class='ocrx_word' id='word_1_280' title='bbox 0 0 2160 5652; x_wconf 95' lang='lat' dir='ltr'> </span> 
     </span>
    </p>
   </div>
  </div>
 </body>
</html>
