4344 5648
454 221 851 322 Puithrtn
894 207 1487 314 MATHEMATICAa
1649 205 1752 325 adp

193 408 328 494 addita
353 403 392 488 ui
418 398 544 512 priori
571 397 669 482 saeit
693 392 936 504 pressionem
961 390 1138 501 duplam.
1197 383 1289 472 Hac
1305 381 1523 494 prelfione,
1544 403 1620 492 pro
1636 404 1746 464 men·
1763 375 1978 518 SELGJJJJM·

192 536 278 619 sura
304 533 383 626 sua,
419 529 460 610 δι
488 527 647 635 insuper
675 523 714 603 vi
741 519 918 629 propriae
952 514 1170 622 gravitatis,
1207 512 1250 594 id
1282 510 1352 607 ell,
1387 508 1589 620 preslione
1620 509 1762 617 tripla,

190 677 358 770 urgetur
375 650 607 764 superficies
620 645 740 730 tertia
762 641 887 729 CGL.
941 637 996 724 Et
1013 640 1192 724 similiter
1215 636 1416 746 piessione
1442 632 1666 746 quadrupla
1688 660 1755 713 ur.

189 802 310 887 getur
339 775 571 888 superficies
596 790 754 884 quarta,
783 766 995 878 quintupla
1021 763 1176 875 quinta,
1202 760 1244 843 ἃ
1264 760 1316 844 fic
1338 761 1543 869 deinceps.
1600 756 1761 842 Pressiu

189 895 314 1010 igitur
334 927 415 1013 qua
435 896 665 1008 superficies
687 913 941 1001 unaquaeque
969 903 1152 996 urgetur,
1180 911 1263 968 non
1294 883 1351 966 est
1372 903 1417 968 ut
1441 881 1642 994 quantitas
1664 881 1755 964 soli.

189 1030 241 1112 da
267 1024 386 1109 fluidi
414 1019 702 1113 incumbentis,
737 1011 808 1098 sed
832 1031 878 1095 ut
908 1035 1102 1096 numerus
1123 1008 1288 1092 orbium
1315 1009 1366 1092 ad
1401 1009 1527 1119 usque
1550 1007 1755 1091 summita-

190 1173 277 1234 tem
304 1146 452 1242 fluidi;
490 1145 532 1227 δι
553 1162 736 1254 equatur
752 1137 951 1245 ‘gravitati
983 1135 1093 1220 orbis
1120 1133 1250 1216 infimi
1281 1135 1558 1243 multiplicate
1585 1157 1657 1240 per
1683 1158 1757 1216 nu·

190 1298 354 1357 merum
377 1269 559 1353 orbium:
591 1269 671 1350 hoc
694 1262 764 1360 eit,
792 1261 979 1374 gravitati
1008 1258 1127 1343 solidi
1155 1257 1269 1366 cujus
1298 1260 1440 1342 ultima
1471 1258 1576 1341 ratio
1605 1259 1656 1340 ad
1689 1285 1757 1368 cy-

166 1379 169 1388 *
189 1387 369 1482 lindrum
396 1391 640 1506 praefinitum
679 1386 725 1496 (fi
743 1387 873 1474 modo
887 1385 1051 1470 orbium
1070 1404 1264 1492 augeatur
1280 1408 1473 1468 numerus
1493 1382 1536 1464 &
1553 1383 1756 1466 minuatur

190 1521 413 1606 crassitudo
435 1524 477 1606 iii
497 1517 713 1609 infinitum,
740 1511 794 1598 fic
822 1532 870 1597 ut
894 1505 1000 1595 adio
1027 1510 1233 1620 gravitatis
1265 1537 1287 1592 a
1314 1507 1525 1618 superficie
1545 1507 1681 1592 infima
1704 1510 1756 1594 ad

190 1647 418 1756 supremam
444 1639 638 1727 continua
663 1635 879 1746 reddatur)
906 1634 979 1720 fiet
1010 1634 1115 1717 ratio
1146 1633 1397 1745 equalitatis.
1454 1629 1629 1716 Sustinet
1654 1657 1756 1742 ergo

187 1769 418 1882 superficies
436 1765 573 1851 infima
593 1761 754 1874 pondus
769 1758 944 1871 cylindri
965 1756 1166 1867 praefiniti.
1221 1757 1426 1873 QED.
1483 1751 1539 1840 Et
1558 1757 1673 1842 simili
1695 1786 1756 1841 ar·

188 1895 498 2009 gumentatione
521 1907 631 2001 patet
650 1886 887 1999 propositio,
915 1883 985 1968 ubi
1003 1883 1175 1991 gravitas
1193 1883 1392 1967 decrescit
1415 1885 1457 1968 iii
1477 1885 1634 1970 ratione
1655 1911 1754 1996 qua-

189 2021 251 2104 vis
269 2018 459 2128 alsignata
479 2013 713 2098 distantiaea
734 2029 892 2106 centro,
920 2005 1028 2092 ut&
1055 2005 1126 2091 ubi
1153 2004 1329 2092 fluidum
1356 2007 1508 2092 sursum
1535 2011 1661 2093 rarius
1684 2011 1754 2100 est,

190 2140 382 2227 deorsum
402 2135 571 2220 densius.
628 2130 836 2248 Qus).
1691 2195 1694 2202 .

249 2263 375 2350 Coros.
407 2289 440 2346 1.
478 2261 604 2370 igitur
631 2255 806 2340 fundum
837 2281 920 2340 nori
954 2272 1123 2367 urgetur
1152 2285 1176 2340 a
1206 2275 1298 2342 toto
1328 2255 1460 2342 fluidi
1480 2259 1754 2344 incumbentia

189 2390 391 2503 pondere,
416 2384 486 2470 sed
508 2406 599 2467 eam
623 2379 883 2464 solummodo
905 2380 1099 2492 ponderis
1118 2406 1274 2491 partem
1298 2381 1461 2467 sullinet
1487 2408 1579 2494 quae
1598 2383 1640 2466 in
1661 2409 1756 2493 prm

189 2509 391 2624 positione
420 2503 691 2599 describitur,
727 2498 912 2611 pondere
936 2502 1097 2613 reliquo
1122 2500 1286 2587 a-fluidi
1308 2502 1435 2614 figura
1468 2502 1666 2589 fornicata
1694 2504 1758 2589 su·

190 2637 376 2722 dentato.
1717 2669 1720 2676 ·

247 2762 370 2845 Coros.
391 2789 429 2839 a.
457 2756 502 2842 lii
525 2753 742 2867 equalibus
768 2774 904 2840 autem
924 2783 945 2837 a
968 2775 1113 2838 centro
1134 2753 1328 2840 distantiis
1347 2752 1492 2838 eadem
1519 2752 1676 2866 semper
1699 2754 1756 2840 est

187 2883 402 2998 prelfionis
428 2882 656 2994 quantitas,
671 2877 751 2962 sive
770 2879 1000 2990 superficies
1024 2875 1151 2987 pressa
1177 2878 1223 2962 sit
1251 2879 1458 2964 horizonti
1482 2881 1663 2988 parallelo
1690 2884 1757 2966 vel

187 3004 534 3120 perpendicularis
555 3003 619 3087 vel
642 3002 827 3114 obliqua
857 3002 937 3088 live
964 3000 1154 3098 fluidum,
1181 3030 1204 3086 a
1224 3002 1434 3114 superficie
1451 3001 1577 3111 pressa
1603 3003 1756 3089 sursum

189 3131 489 3222 continuatum,
519 3123 653 3234 surgat
679 3123 1078 3236 perpendiculariter
1091 3123 1316 3209 secundum
1337 3126 1485 3209 lineam
1506 3123 1672 3222 reslam,
1689 3130 1758 3212 vel

189 3254 313 3361 serpit
341 3253 507 3362 oblique
534 3276 608 3358 per
634 3268 762 3330 tortas
787 3249 978 3330 cavitates
1007 3246 1051 3328 δε
1079 3248 1251 3345 canales,
1287 3247 1433 3359 easque
1460 3250 1663 3356 regulares
1691 3253 1757 3334 vel

191 3374 368 3458 maxime
388 3371 643 3477 irregulares,
670 3369 819 3476 amplas
848 3369 913 3450 vel
929 3366 1240 3476 angustissimas.
1297 3367 1757 3458 Hiscecircumllantiis

190 3494 436 3610 pressionem
465 3494 520 3577 nil
540 3491 685 3576 mutari
712 3489 932 3597 colligitur,
968 3492 1212 3601 applicando
1236 3489 1758 3581 demonstrationemtheos
1835 3561 1841 3570 .

190 3618 355 3704 rematis
373 3615 489 3724 hujus
513 3617 565 3700 ad
592 3614 702 3698 casus
726 3612 900 3722 singulos
915 3612 1155 3698 fluidorum,

246 3743 369 3831 Coros.
395 3770 428 3839 3·
456 3738 613 3824 Eadem
642 3736 988 3824 demonstratione
1009 3739 1217 3847 colligitur
1237 3743 1371 3826 etiam·
1389 3743 1481 3854 (per
1505 3769 1622 3857 prop.-
1641 3755 1770 3860 xix.)-

191 3868 306 3982 qund
335 3864 452 3950 fluidi
469 3867 598 3973 gravis
614 3883 746 3973 partes
766 3864 935 3960 nullum,
964 3865 1237 3976 expressione
1256 3866 1450 3979 ponderis
1467 3871 1776 3966 incumbentis„

190 3990 414 4104 acquirunt*
436 4008 596 4072 motum
617 3987 723 4071 inter
754 3985 819 4084 se;
846 3986 874 4071 fi
901 3989 1031 4073 modo
1054 3990 1297 4078 excludatur
1327 4012 1463 4082 motus
1489 3997 1629 4110 quiex
1653 4023 1773 4080 con·-

191 4112 424 4200 densatione
450 4114 619 4194 oriatur·

245 4237 370 4322 Coros.
392 4267 429 4342 4.
457 4231 797 4345 Etproptereasi
818 4235 928 4319 aliud
951 4237 1131 4346 ejusdem
1152 4242 1358 4348 gravitatis
1371 4241 1570 4354 specificae
1590 4270 1754 4358 corpus,

191 4359 305 4473 quod
338 4357 385 4444 fit
410 4356 737 4442 condensationis
766 4382 926 4469 expers,
962 4361 1241 4472 submergatur
1270 4367 1313 4450 in
1343 4365 1425 4450 tiae
1451 4365 1598 4467 fluido,
1633 4372 1676 4457 id
1700 4401 1774 4460 ex.

190 4481 392 4595 pressione
419 4479 613 4590 ponderis
640 4480 911 4568 incumbentis
939 4487 1092 4570 nullum
1121 4489 1304 4599 acquiret
1339 4509 1525 4576 mutum:
1567 4520 1650 4580 non
1682 4498 1753 4581 de·

191 4603 371 4701 scendet,
399 4631 482 4690 non
500 4605 705 4700 ascendet,
733 4632 817 4692 non
836 4629 1020 4716 cogetur·
1033 4609 1204 4720 figuram
1222 4613 1332 4696 suam
1351 4635 1521 4700 mutare.
1575 4619 1617 4702 Si
1633 4613 1754 4725 sphae-

192 4731 324 4814 ricum
340 4729 397 4812 est
417 4731 597 4813 manebit
615 4729 871 4840 sphaericum,
898 4759 982 4816 non
1002 4735 1185 4822 obstante
1199 4735 1401 4848 pressione
1418 4776 1431 4838 ς
1462 4741 1768 4852 siquadratum.

192 4855 255 4941 est
278 4853 457 4942 manebit
492 4854 760 4968 quadratum:
800 4853 925 4967 idque
963 4856 1047 4943 sive.
1074 4863 1196 4947 molle
1230 4861 1290 4962 sit,
1311 4863 1405 4956 ¹fiiie
1437 4863 1751 4964 fluidilsimuma

1673 4985 1777 5076 slve:
