4352 5646
449 301 851 402 PRINCIPIA
899 287 1498 402 MATHE'MAT‘I'CA.
1676 325 1771 431 403

210 473 403 588 Ejusdem
430 479 635 565 densrtatis
666 477 744 564 elle
772 477 884 578 dico,
910 503 1082 592 quarum
1103 478 1209 562 vires
1235 477 1392 561 inertiae
1425 475 1516 560 sunt
1543 492 1588 560 ut
1615 479 1771 587 magni·
1806 473 1968 614 Tfiffl
1979 572 2003 610 ⁸

210 607 381 692 tudines.
1475 671 1478 676 Α

265 735 387 817 Corol.
411 759 445 835 5.
481 730 557 817 Vis
582 732 787 842 gravitatis
817 729 964 815 diversa
992 729 1049 814 est
1075 731 1234 840 generis
1258 757 1279 812 a
1313 731 1354 814 vi
1375 729 1612 838 magnetica.
1669 731 1774 811 Nam

209 858 393 945 attraclio
422 858 650 964 magnetica
686 883 769 941 non
808 855 865 938 est
908 857 954 939 ut
982 858 1149 940 materia
1182 853 1359 938 attratia.
1423 851 1612 963 Corpora
1644 855 1775 964 aliqua

209 984 335 1092 magis
360 983 588 1074 trabuntur,
619 981 691 1063 alia
720 981 867 1077 minus,
894 982 1066 1092 plurima
1096 1007 1181 1065 non
1211 981 1437 1063 trahuntur.
1493 975 1549 1062 Et
1574 979 1634 1061 vis
1663 1001 1773 1084 mag·

208 1106 408 1192 neticain
434 1104 586 1188 uno&
618 1103 767 1188 eodem
793 1130 972 1216 corpore
1005 1107 1163 1191 intendi
1197 1103 1398 1215 potest&
1430 1105 1598 1203 remitti,
1635 1103 1773 1214 estque
1866 1176 1873 1180 .

209 1254 500 1341 nonnunquam
528 1231 649 1336 longe
680 1225 807 1335 major
833 1253 910 1338 pro
942 1229 1167 1341 quantitate
1197 1228 1376 1312 materiae
1412 1253 1535 1339 quam
1560 1230 1619 1313 vis
1647 1228 1776 1336 gravi·

209 1357 313 1452 tatis,
350 1352 392 1437 δι
419 1355 461 1438 in
491 1351 647 1438 recellu
676 1379 698 1435 a
731 1373 920 1461 magnete
953 1353 1168 1439 descrescit
1192 1355 1235 1438 in
1270 1352 1427 1436 ratione
1462 1351 1657 1436 distantiae
1689 1377 1773 1434 non

211 1481 429 1590 duplicata,
457 1477 527 1562 sed
560 1479 647 1562 fere
674 1478 887 1588 triplicata,
914 1499 1112 1591 quantum
1138 1507 1190 1565 ex
1209 1478 1349 1565 crallrs
1375 1479 1614 1592 quibusdam
1639 1476 1774 1562 obser·-

209 1602 440 1692 uationibus
471 1605 795 1689 animadvertere
820 1604 950 1715 potui.
1069 1681 1073 1690 .

347 1925 959 2030 PnopostTtoVu.
1033 1929 1471 2028 Tne-ortena
1520 1927 1626 2031 vu.
1702 1883 1706 1892 ’

210 2115 494 2215 Gravitatem
524 2116 571 2214 in
595 2143 776 2250 corpora
799 2115 1005 2236 universa
1015 2112 1145 2242 fieri,
1183 2154 1369 2251 eamque
1385 2230 1388 2239 ‚
1389 2117 1767 2254 proportionalem

563 2259 645 2398 effe
671 2268 913 2400 quantitati
936 2267 1133 2364 materiae
1160 2261 1208 2366 in
1218 2267 1419 2402 stragulis.

257 2499 445 2584 Planetas
463 2517 605 2582 omnes
624 2499 666 2582 in
687 2497 733 2582 se
756 2515 906 2582 mutuo
926 2521 1069 2605 graves
1097 2495 1176 2582 elle
1199 2496 1280 2605 jam
1306 2520 1398 2584 ante
1422 2501 1695 2610 probavimur,
1723 2519 1769 2584 ut

207 2625 251 2709 lla
283 2625 523 2736 gravitatem
552 2624 594 2708 in
634 2648 969 2736 unumquemque
1003 2620 1164 2707 seorsim
1196 2620 1418 2731 speltarum
1449 2623 1529 2711 elle
1558 2627 1772 2736 reciproce

206 2769 253 2833 ut
282 2749 525 2861 quadratum
552 2747 748 2835 dillautiae
771 2752 959 2833 locorum
981 2776 1003 2831 a
1031 2771 1177 2833 centro
1195 2751 1378 2859 planetae.
1435 2747 1490 2835 Et
1511 2750 1608 2836 inde
1635 2748 1773 2835 conse·
1892 2805 1895 2814 Δ

207 2897 336 2986 quens
368 2875 426 2959 est
454 2879 546 2985 (per
571 2901 686 2986 prop.
706 2901 825 2960 uxrx.
866 2877 934 2959 lib
965 2903 997 2956 1.
1026 2873 1130 2958 &‘
1096 2903 1179 2982 ejus
1207 2877 1435 2986 corollaria)
1462 2880 1704 3014 gravitatem
1731 2878 1774 2962 in

206 3025 349 3086 omnes
368 3001 715 3111 proportionalem
738 3000 816 3087 elle
837 3005 1017 3086 materiae
1038 3004 1079 3085 in
1095 3002 1251 3086 iisdem.

261 3125 394 3210 Porro
417 3153 512 3211 curn
536 3127 707 3237 planetae
730 3124 901 3234 cujusvis
923 3133 970 3211 A
992 3147 1125 3238 partes
1149 3152 1290 3212 omnes
1311 3149 1451 3235 graves
1474 3126 1580 3211 srnt
1570 3155 1611 3212 rn
1636 3133 1773 3241 plane·

205 3271 288 3337 tam
317 3254 504 3365 quemvis
535 3253 588 3349 B,
617 3251 660 3334 uz
684 3253 856 3360 gravitas
882 3253 1004 3361 partis
1031 3252 1223 3362 cujusque
1251 3254 1297 3334 srt
1322 3251 1372 3332 ad
1407 3253 1646 3360 gravitatem
1678 3255 1774 3336 toti·

207 3401 267 3472 us,
300 3397 346 3458 ut
367 3376 536 3457 materia
569 3374 704 3482 partis,
726 3373 777 3456 ad
818 3375 1026 3457 materiam
1059 3375 1197 3470 totius,
1230 3371 1273 3456 δε
1301 3372 1450 3456 actioni
1477 3375 1589 3458 omni
1621 3377 1772 3462 reallio

209 3503 300 3607 (per
323 3516 458 3578 motus
484 3496 616 3602 legem
644 3496 825 3605 tertiam)
853 3495 1015 3606 aequalis
1044 3495 1121 3592 fit;
1160 3497 1317 3604 planeta
1342 3496 1380 3575 B
1407 3496 1449 3578 in
1475 3513 1606 3605 partes
1631 3523 1774 3582 omnes

206 3622 378 3733 planetae
398 3619 446 3700 A
468 3614 639 3701 viciffim
668 3617 898 3727 gravitabit,
928 3617 970 3699 &
1000 3618 1076 3701 erit
1104 3618 1275 3726 gravitas
1297 3617 1362 3700 sua
1385 3617 1426 3700 in
1450 3637 1605 3726 partem
1632 3645 1775 3704 unam..

206 3769 411 3885 quamque
438 3740 488 3826 ad
515 3741 754 3850 gravitatem
778 3743 889 3826 suam
917 3741 962 3826 ln
983 3763 1133 3840 totum,
1159 3763 1205 3826 ut
1227 3743 1395 3826 materia
1419 3742 1542 3854 partis
1567 3743 1618 3827 ad
1644 3766 1771 3830 mate·

207 3869 465 3953 riamtotius.
522 3865 647 3981 Qu.
668 3867 731 3950 D.

263 3991 388 4075 Coral.
407 4019 439 4072 1.
467 3989 644 4072 Oritur
634 3991 759 4098 rgitur
780 3989 822 4072 δε
850 3993 1114 4100 componitur
1140 3989 1311 4097 gravitas
1340 3989 1381 4073 in
1406 3989 1608 4100 planetam
1641 4013 1772 4078 totum

208 4143 262 4202 ex
286 4116 482 4226 gravitate
508 4115 550 4194 in
579 4133 711 4222 partes
738 4112 916 4222 fingulas.
972 4114 1099 4221 Cujus
1123 4116 1182 4197 rei
1211 4115 1398 4252 exempla
1419 4113 1653 4206 habemus
1642 4143 1682 4198 m
1717 4139 1773 4198 at-

210 4240 472 4326 tratlionibus
492 4237 730 4344 magneticis
750 4237 793 4319 &
815 4235 1023 4321 eletiricis.
1083 4238 1226 4321 Oritur
1244 4239 1352 4320 enim
1376 4234 1560 4320 attractio
1581 4241 1712 4325 omnis
1731 4241 1772 4326 in

205 4387 343 4452 totum
368 4391 422 4449 ex
440 4357 744 4467 attrallionibus
763 4363 805 4445 in
838 4383 971 4473 partes
998 4359 1175 4468 smgulas.
1231 4359 1316 4444 Res
1346 4362 1594 4468 intelligetur
1615 4363 1657 4448 in
1685 4391 1773 4474 gra·

208 4492 347 4586 vitate,
374 4489 653 4600 concipiendo
675 4491 851 4601 planetas
882 4489 1014 4601 plures
1034 4490 1212 4570 minores
1244 4487 1285 4568 in
1314 4511 1441 4568 unum
1468 4485 1635 4594 globum
1658 4493 1771 4573 coire

208 4611 254 4698 &
281 4615 480 4724 planetam
511 4615 706 4724 majorem
726 4639 992 4726 componere.
1047 4611 1151 4694 Nam
1173 4610 1231 4693 vis
1252 4610 1377 4693 totius
1402 4636 1459 4692 'ex
1480 4610 1629 4696 viribus
1652 4616 1773 4723 parti-

208 4763 282 4822 um
300 4737 639 4846 componentium
658 4737 755 4820 oriri
783 4734 963 4820 debebit.
1020 4734 1152 4846 Siquis
1174 4730 1336 4835 objiciat
1354 4731 1467 4843 quod
1489 4760 1664 4846 corpora
1684 4759 1782 4817 om-·

210 4863 288 4961 nia,
317 4883 410 4972 quae
437 4859 546 4970 apud
572 4886 653 4964 nos¹
676 4858 778 4956 lunt,
807 4859 881 4942 hac
907 4862 996 4967 lege
1030 4861 1228 4965 gravitate
1257 4857 1454 4940 deberent
1476 4856 1518 4938 in
1548 4856 1588 4938 se
1616 4879 1775 4950 mutuo,

209 5012 305 5076 cum
326 5003 460 5068 tamen
481 4978 677 5088 ejusmodi
704 4983 875 5092 gravitas
894 4983 1132 5091 neutiquam
1153 4979 1369 5064 sentiatur:
1397 4976 1631 5088 respon-deo
1656 4981 1770 5090 qnod

984 5102 1092 5187 Flf
1106 5134 1129 5184 2
1590 5104 1773 5211 gravitas
