4336 5656
402 215 466 314 90
664 167 1200 274 Purtosorrrtra
1245 149 1705 262 Naronatts

183 370 239 430 ¹³⁸
252 367 371 428 ll0⁷⁰
398 359 583 477 parallela
616 355 806 442 tranfiens
826 381 900 466 per
917 351 1068 466 punola
1090 348 1155 432 illa
1179 374 1218 441 a,
1238 341 1276 444 b,
1299 339 1374 454 p'er
1395 361 1490 452 quae
1510 339 1655 422 conica
1678 325 1802 416 seatio
1821 321 1866 412 in
1902 326 2002 412 bar:

184 451 362 544 cmm
397 491 527 601 figura
560 513 666 572 nova
693 483 858 568 transire
887 481 1026 578 debet,
1061 477 1104 562 δι
1134 471 1553 590 parallelogrammum
1580 462 1641 548 bi
1665 457 2001 566 klcomplens·

397 621 596 706 Secentur
616 613 737 696 reilae
753 609 822 710 bi,
842 609 909 705 ik,
937 606 993 690 kt
1009 607 1052 690 in
1072 630 1107 702 c,
1123 606 1165 702 A,
1183 633 1216 701 e,
1242 600 1299 682 ita
1321 613 1367 681 ut
1386 594 1432 679 lit
1450 593 1477 676 b
1492 619 1514 676 c
1530 590 1584 675 ad
1604 589 1704 674 latus
1725 582 1997 698 quadratum

400 741 622 852 tetranguti
643 737 759 836 abb,
787 740 842 820 ic
866 735 916 820 ad
946 733 1010 830 id,
1037 731 1080 818 br
1102 727 1232 813 kead
1253 724 1320 808 kd
1342 742 1389 806 ut
1413 719 1470 806 est
1498 717 1653 804 summa
1677 713 1879 797 metarum
1914 711 1996 792 bi

404 871 449 958 ἃ
476 870 532 952 kl
558 867 608 953 ad
640 865 833 950 summam
864 861 989 944 trium
1008 857 1220 950 linearum,
1243 871 1417 966 quarum
1441 845 1571 955 prima
1600 838 1658 925 ell
1684 835 1791 922 rebla
1818 833 1896 933 ik,
1940 833 1994 919 δι

404 999 541 1083 alterae
575 990 668 1076 duae
697 986 786 1075 sunt
824 987 947 1070 latera
976 981 1172 1098 quadrata
1200 971 1525 1084 reblangulorum
1546 995 1571 1048 a
1591 963 1655 1048 bt
1683 961 1728 1046 bt
1758 959 1857 1042 att
1876 991 1892 1041 .·
1937 957 1992 1043 δι

404 1145 525 1210 erunt
547 1149 581 1220 c,
614 1120 654 1218 d,
682 1118 869 1228 epun&a
887 1113 1163 1202 contaoluum.
1219 1101 1401 1196 Etenim,
1428 1121 1482 1180 err
1504 1091 1672 1188 conicit,
1699 1089 1789 1172 sunt
1807 1085 1863 1169 hc
1881 1111 1991 1200 qua·

404 1249 567 1337 deatum
586 1246 637 1331 ad
661 1245 941 1352 reblangulum
954 1269 979 1322 a
994 1239 1020 1320 h
1034 1239 1070 1337 b,
1096 1239 1142 1324 δι
1160 1237 1212 1319 ic
1229 1227 1472 1346 quadratum
1491 1220 1546 1304 ad
1574 1213 1909 1330 idquadratum,
1937 1211 1990 1298 δε

406 1377 467 1461 ke
483 1375 727 1492 quadratum
748 1371 799 1454 ad
826 1368 896 1453 kd
922 1365 1184 1482 quadratum,
1211 1359 1255 1446 δι
1276 1355 1331 1442 el
1350 1348 1595 1467 quadratum
1614 1342 1664 1430 ad
1697 1337 1987 1450 reetangtunm

405 1501 506 1588 alb
533 1495 749 1586 incudem
774 1495 959 1589 rationea
997 1491 1041 1577 δι
1073 1509 1237 1604 propte·
1288 1509 1322 1594 ir
1552 1497 1588 1582 A
1826 1501 1851 1578 p

402 1653 475 1718 rea
509 1626 571 1710 hc
613 1624 665 1712 ad
703 1623 808 1708 latus
840 1617 1084 1732 quadratum
1119 1615 1238 1730 ipsius
1279 1603 1313 1616 ”

405 1752 535 1854 ahl,
572 1741 1075 1841 icadid,keadkd,
1113 1739 1244 1826 &el

405 1878 459 1966 ad
488 1879 592 1962 latus
616 1868 859 1988 quadratum
886 1865 1006 1978 ipsius
1037 1868 1131 1952 alb
1149 1867 1241 1958 sunt

404 2003 451 2090 in
468 1998 746 2110 subduplicata
774 1993 838 2078 illa
865 1991 1037 2088 ratione,
1064 1989 1109 2074 δι
1126 2016 1242 2076 com·

406 2124 553 2242 polite,
578 2123 621 2212 in
640 2119 733 2206 data
752 2119 908 2204 ratione
926 2117 1111 2204 omniurn
1131 2137 1239 2204 ante·
1329 2137 1354 2190 c

407 2247 649 2337 cedentium
673 2245 727 2328 hi
747 2243 790 2328 δι
818 2243 876 2325 kt
900 2242 951 2328 ad
974 2267 1117 2329 omnes
1139 2270 1242 2334 con·

408 2375 638 2488 sequentes,
664 2393 757 2483 qure
776 2369 864 2454 sunt
878 2369 980 2452 latus
997 2367 1242 2483 quadratum

407 2494 633 2610 remanguli
661 2521 689 2575 a
702 2493 729 2576 b
742 2491 779 2592 b,
796 2490 843 2576 &
859 2490 966 2577 reela
990 2493 1058 2591 ik,
1076 2491 1121 2576 δι
1139 2497 1240 2584 latus

409 2623 657 2742 quadratum
675 2613 896 2728 teilanguli
914 2643 941 2698 a
955 2617 975 2696 l
991 2614 1027 2700 b.
1072 2615 1243 2708 Haben·
1371 2623 1398 2702 h
1482 2631 1516 2684 a
1815 2607 1842 2683 6
1906 2592 1924 2655 t

409 2773 479 2840 tur
507 2749 633 2861 igitur
659 2771 713 2830 ex
743 2743 837 2828 data
861 2743 926 2828 illa
951 2745 1108 2830 ratione
1134 2753 1282 2859 puncta
1313 2749 1576 2841 contabiuum
1604 2775 1639 2850 c,
1663 2749 1702 2849 d,
1728 2777 1763 2853 e,
1788 2751 1832 2837 in
1850 2750 1975 2864 figura

409 2901 530 2966 nova.
559 2871 639 2958 Per
655 2869 826 2956 inversas
853 2871 1109 2982 operationes
1131 2875 1330 2965 lemmatis
1359 2877 1564 2966 noviffimi
1582 2873 1871 2965 transferantur
1890 2879 1976 2962 hoo
2140 2881 2141 2898 ³

409 2995 561 3117 punela
580 2996 625 3082 in
650 2993 822 3107 figuram
841 2996 1028 3106 primam,
1054 2995 1098 3080 δι
1124 3000 1180 3083 ibi
1201 3002 1293 3113 (per
1321 3003 1438 3116 prob.
1454 3011 1565 3114 xxv.)
1590 2998 1842 3090 describetur
1863 2998 1976 3110 traje-

411 3127 552 3214 ttoria
608 3121 731 3245 μ
754 3121 802 3206 F.
858 3119 1067 3208 Caeterunr
1096 3128 1265 3235 perinde
1285 3149 1330 3214 ut
1353 3131 1501 3243 punela
1519 3158 1559 3227 a,
1585 3125 1767 3238 &jacent
1786 3129 1852 3212 vel
1872 3127 1977 3212 inter

411 3247 560 3364 punbla
578 3249 618 3348 h,
634 3253 663 3350 l,
689 3247 755 3332 vel
771 3265 902 3354 extra,
929 3242 1082 3332 debent
1101 3251 1248 3359 ponera
1272 3279 1306 3351 c,
1325 3253 1364 3352 d,
1385 3255 1486 3338 evel
1505 3254 1612 3339 inter
1638 3246 1785 3362 punfia
1804 3249 1846 3346 h,
1864 3247 1983 3348 i,k‚l

414 3380 519 3493 capi,
554 3376 620 3463 vel
650 3391 777 3460 extra.
838 3371 881 3456 Si
912 3369 1156 3481 punttorum
1178 3404 1217 3474 a,
1245 3372 1671 3462 balterutrumcadit
1698 3373 1977 3488 interpuncta

415 3506 456 3608 b,
474 3509 505 3608 t,
523 3503 568 3591 δι
586 3503 759 3589 alterum
779 3519 908 3596 extra,
936 3497 1147 3609 problema
1166 3501 1408 3616 impollibile
1428 3501 1497 3588 est.

505 3757 976 3860 PROPOSITIO
1012 3759 1193 3858 XXVI.
1266 3763 1680 3858 PROBLEMA
1726 3757 1903 3860 XVIII.

417 3945 736 4092 Trajefflort‘om
764 3947 1020 4074 describere,
1047 3985 1144 4083 qam
1167 3949 1369 4083 transtbr't
1381 3978 1472 4089 per
1492 3949 1709 4088 punillam
1729 3947 1899 4073 datum,
1921 3941 1978 4054 δ’

700 4115 842 4218 roilas
869 4145 1059 4253 quatuor
1082 4115 1296 4256 portione
1316 4118 1447 4218 datas
1470 4119 1696 4256 continget.

473 4365 543 4450 Ab
579 4361 862 4452 interseelione
896 4364 1107 4450 communi
1141 4363 1313 4452 duarum
1343 4367 1615 4481 quammlibet
1647 4362 1901 4478 tangentium
1929 4357 1975 4445 ad

419 4491 746 4580 interseelionem
773 4516 1038 4576 communem
1061 4491 1306 4607 reliquarum
1333 4493 1506 4582 duarum
1524 4514 1666 4606 agatur
1684 4487 1793 4580 refla
1816 4487 1975 4586 infinita,

422 4621 465 4706 &
492 4620 637 4706 eadem
663 4644 740 4730 pro
774 4617 888 4702 radio
918 4617 1108 4702 ordinato
1135 4617 1271 4729 primo
1304 4618 1499 4719 adhibita,
1542 4617 1830 4706 transmutetur
1860 4613 1977 4724 ligura

421 4748 513 4860 (per
539 4748 632 4833 lem.
651 4750 791 4853 xxrr.)
822 4745 865 4830 in
892 4743 1062 4854 liguram
1088 4766 1251 4838 novam,
1278 4741 1321 4826 oc
1343 4763 1554 4854 tangentes
1575 4743 1696 4842 binae,
1729 4766 1823 4856 quae
1849 4737 1900 4826 ad
1922 4765 1975 4824 ra·

424 4873 539 4962 dium
560 4873 794 4961 ordinatum
813 4869 992 4983 primum
1013 4865 1327 4968 concurrebant,
1350 4867 1432 4979 jam
1457 4869 1631 4957 evadent
1650 4868 1860 4982 parallelae.
1885 4863 1977 4952 Sun·
2141 4887 2143 4984 t

1936 5005 1976 5073 to
2142 4999 2143 5048 t
