4312 5652
477 241 576 340 192
741 207 1275 322 PHILOSOPHIAE
1320 197 1783 303 NATURALIS

263 387 452 526 {⁵1⁰021M0
531 387 710 478 Corosr
750 385 867 474 Hinc
886 388 916 472 fi
936 387 1206 498 corpuscula
1195 413 1239 474 rn
1265 383 1441 480 circulis,
1477 383 1588 470 circa
1612 378 1781 490 sphaerrs
1808 405 1862 466 ex
1881 387 2056 470 materia

299 487 449 532 ⁰⁰⁰⁰⁰⁰⁰
478 518 687 629 aequaliter
706 511 913 600 attrasiiva
931 515 1171 610 constantes,
1200 513 1490 610 revolvantur,
1518 508 1675 621 sintque
1696 505 1892 590 distantiae
1912 537 1937 592 a
1958 536 2056 596 cen·

476 647 549 730 tris
579 643 824 755 sphaerarum
854 643 1179 754 proportionales
1215 637 1439 726 earundem
1470 637 1702 725 diametris:
1742 633 1959 747 Tempora
1983 662 2054 749 pe·

478 773 637 859 riodica
656 793 776 857 erunt
800 773 978 884 aequalia.
1007 823 1010 832 ·

534 903 657 990 Coros.
676 931 714 982 a.
742 895 799 984 Et
818 899 909 981 vice
930 899 1052 998 versa,
1081 897 1109 982 fi
1133 917 1319 1009 tempora
1339 893 1548 1010 periodica
1566 894 1656 979 sunt
1683 893 1877 1008 aquatio
1906 893 2052 981 distan·

468 1027 551 1112 =tiae
585 1047 704 1112 erunt
729 1025 1053 1137 proportionales
1079 1025 1298 1111 diametris.
1355 1021 1552 1109 Constant
1579 1026 1668 1109 haec
1700 1023 1787 1108 duo
1816 1047 1891 1134 pet
1912 1026 2042 1108 corol.

482 1181 516 1254 3·
544 1177 659 1264 prop.
694 1179 753 1236 tv.

538 1280 664 1366 Corot.
685 1306 719 1377 3.
747 1275 789 1362 Si
808 1277 860 1361 ad
879 1275 1102 1362 solidorum
1130 1277 1307 1364 duorum
1335 1276 1585 1422 quorumvis,
1613 1273 1799 1359 srmilium
1820 1273 1862 1357 da
1887 1277 2048 1388 aequali·

470 1423 546 1490 ter
566 1403 802 1505 densorum,
830 1401 976 1518 ponda
998 1404 1025 1489 s
1030 1407 1149 1515 ngula
1171 1407 1338 1492 tendant
1369 1405 1474 1490 vires
1498 1403 1670 1518 aequales
1697 1401 1953 1543 centtipetae,
1982 1403 2044 1488 de·

478 1529 745 1616 crescentes
734 1561 775 1620 1n
801 1532 1004 1642 duplicata
1039 1534 1196 1627 ratione
1223 1533 1498 1618 distantiarum
1530 1557 1552 1616 a
1582 1525 1767 1643 pondis3
1803 1528 1923 1626 vires,
1959 1531 2042 1640 qui-

464 1653 553 1742 vbus
580 1657 832 1771 corpuscula,
867 1657 920 1742 ad
946 1657 1071 1744 solida
1101 1661 1167 1744 illa
1193 1661 1280 1746 duo
1308 1661 1485 1744 similiter
1511 1658 1594 1760 fita,
1630 1656 1884 1744 attrahentut
1912 1653 1964 1738 ab
1985 1652 2041 1738 iis·

466 1780 589 1885 dem,
616 1806 737 1872 erunt
761 1785 813 1870 ad
840 1784 1018 1870 invicem
1038 1805 1085 1872 ut
1113 1785 1301 1876 diametri
1322 1783 1557 1873 solidorum.
1683 1871 1686 1878 .

511 2077 983 2176 PROPOSITIO
1019 2079 1232 2178 LXXIII.
1306 2078 1746 2180 THEOREMA
1784 2074 2009 2170 XXXIII.

467 2253 530 2362 ,Si
562 2257 631 2356 ad
644 2261 832 2397 sphera
864 2259 1047 2392 alicujus
1083 2261 1198 2360 datae
1229 2261 1401 2400 pnnssa
1423 2260 1605 2396 stngula
1644 2255 1827 2357 tendant
1860 2252 2038 2391 aquales

547 2411 663 2510 vires
689 2413 941 2550 centripetae
970 2413 1253 2539 decrescentes
1280 2419 1328 2518 r'n
1359 2417 1587 2558 duplicata
1615 2410 1785 2512 ratione
1817 2409 1866 2508 di
1900 2409 2040 2506 antio-

545 2603 649 2667 rum
680 2609 711 2670 a
728 2566 929 2708 punssis:
964 2568 1058 2668 dica
1084 2571 1208 2708 qnod
1222 2572 1517 2706 corpusculum
1550 2571 1671 2670 intra
1688 2567 1918 2708 spheram
1951 2599 2041 2661 con·

537 2723 744 2855 stitutum
767 2723 1012 2826 attrahitur
1043 2724 1092 2826 vr'
1117 2725 1439 2870 proportionali
1464 2722 1679 2862 dissentia
1698 2727 1795 2848 suae
1827 2717 1885 2822 ab
1919 2717 1936 2816 i
1955 2713 2040 2852 fiat

548 2905 709 2978 centro·

529 3117 578 3207 sn
608 3118 760 3234 sphaera
783 3119 989 3221 Anam,
1011 3139 1158 3230 centro
1182 3121 1446 3238 Sdesmiptt,

466 3247 636 3336 ‘locetur
657 3243 942 3362 corpusculum
961 3251 1005 3332 P
1021 3287 1034 3350 ;
1063 3249 1108 3335 de
1128 3271 1274 3338 centro
1291 3254 1443 3341 eodem

469 3375 526 3473 S,
551 3377 764 3461 intervallo
784 3375 877 3474 SP,
905 3375 1079 3488 concipe
1097 3374 1292 3487 sphaeram
1305 3381 1444 3466 interi·

468 3527 597 3586 orem
629 3501 725 3585 PE
736 3503 830 3616 QF
850 3501 1035 3588 describi.
1091 3501 1353 3590 Manifestum
1374 3505 1446 3604 est,

469 3629 573 3734 .(per
590 3649 706 3736 prop.
725 3634 839 3733 cxx.)
858 3627 969 3735 quod
988 3627 1193 3734 splraericae
1217 3630 1446 3741 superficies
1480 3671 1508 3728 Α

472 3749 772 3844 concentricae,
812 3774 862 3833 ex
888 3749 1033 3859 quibus
1058 3751 1302 3861 sphaerarum
1327 3749 1444 3840 diffe-

476 3873 611 3958 tentia
634 3872 1116 3984 AEBFcomponitur‚
1144 3880 1446 3966 attraslionibus

477 3997 558 4084 suis
589 4025 662 4110 per
691 3995 947 4086 attrassiones
979 4004 1198 4088 contrarias
1223 4005 1446 4104 destrustis‚

475 4128 539 4214 nil
557 4147 680 4238 agunt
698 4125 740 4208 in
766 4151 914 4238 corpus
943 4128 995 4210 P.
1053 4127 1194 4215 Restat
1218 4130 1299 4216 sola
1326 4150 1445 4216 attra-

474 4268 655 4350 11303
588 4266 655 4375 splr
660 4291 751 4350 aerae
776 4267 980 4352 interioris
1009 4268 1052 4350 P
1067 4268 1109 4351 E
1123 4268 1227 4392 QF.
1280 4267 1384 4375 Et(
1367 4270 1458 4383 (per
1476 4299 1596 4390 prop.
1623 4277 1789 4382 cxxrt.)
1814 4271 1904 4360 lucc
1926 4271 1984 4360 est
2004 4289 2043 4358 ut

473 4389 794 4566 distantiaPS.
849 4391 1053 4510 QENJD

1147 4591 1382 4698 Scholium.

529 4771 791 4884 superficies,
831 4777 1060 4893 exquibus
1092 4778 1217 4865 solida
1253 4801 1570 4892 componuntur,
1607 4781 1791 4866 hicnon
1827 4776 1921 4864 sunt
1951 4798 2046 4891 pure

472 4899 791 5012 anathematum,
821 4909 895 4998 sed
922 4908 1047 4996 orbes
1083 4907 1188 4997 adeo
1221 4927 1381 5011 tenues,
1416 4931 1464 4997 ut
1500 4933 1644 4998 cortun
1671 4901 1895 4993 crassitudo
1931 4903 2048 5110 iuspalt

450 5065 457 5072 .
1937 5053 1982 5114 nt
2012 5049 2051 5108 tt
