4450 5674
431 234 1478 398 nnrucvurntvmrnnntnrrcn.
1674 315 1743 424 45·
1830 419 1833 428 ,

164 477 315 564 vendo
334 495 523 585 tempore
548 473 692 588 quovis
716 471 919 570 describit,
952 476 1110 562 medius
1128 477 1186 564 est
1202 478 1515 593 proportionalis
1534 477 1639 562 inter
1660 475 1743 562 dia·
1802 485 1925 546 Ltus

164 625 353 688 metrum
389 599 545 695 circuli,
587 597 630 682 δε
665 598 900 686 descensum
936 611 1117 716 corporis
1145 603 1287 692 eadem
1312 605 1404 690 data
1436 605 1477 688 vi
1512 603 1745 716 eodemque
1781 567 1941 628 P²¹”⁰“

165 749 363 838 tempore
385 722 575 810 cadendo
595 721 841 810 confedum.

845 958 1082 1067 Scholium.

232 1195 357 1282 Casus
379 1196 580 1281 corollarii
599 1193 700 1282 sexti
718 1192 875 1277 obtinet
895 1191 936 1276 in
957 1195 1200 1307 corporibus
1225 1196 1469 1298 coelestibus,
1489 1203 1552 1307 (ut
1569 1193 1745 1284 seorsum

169 1325 433 1435 collegerunt
457 1322 580 1406 etiam
608 1319 803 1407 nostrates
824 1321 1035 1421 Wnrnrus,
1066 1322 1240 1406 Hookius
1266 1323 1309 1408 dc
1328 1325 1531 1436 Hallaeus)
1552 1323 1596 1408 δι
1625 1351 1745 1438 prop·

172 1473 290 1538 terea
314 1476 408 1564 quae
434 1447 611 1562 spebtant
644 1448 695 1534 ad
721 1450 805 1532 vim
837 1450 1103 1560 centripetam
1139 1441 1444 1538 decrescentem
1475 1455 1517 1538 in
1544 1451 1746 1564 duplicata

170 1581 337 1664 ratione
368 1575 644 1663 distantiarum
673 1601 696 1660 a
729 1575 893 1674 centris,
929 1574 1094 1662 decrevi
1123 1574 1244 1662 fusius
1270 1577 1312 1663 in
1340 1577 1601 1694 sequentibus
1618 1604 1746 1691 expo·

170 1730 291 1791 nere.

233 1829 367 1916 Porro
398 1829 667 1940 praecedentis
696 1825 980 1939 propositionis
1002 1825 1046 1912 dc
1076 1829 1384 1916 corollariorum
1412 1829 1498 1939 ejus
1526 1830 1742 1929 beneficio,

169 1955 385 2062 colligitur
410 1955 533 2040 etiam
559 1953 773 2065 proportio
797 1951 856 2034 vis
887 1954 1125 2064 centripetae
1151 1955 1203 2040 ad
1226 1955 1309 2040 vim
1341 1955 1563 2068 quamlibet
1589 1973 1746 2051 notam,

170 2085 306 2199 qualis
324 2079 381 2166 est
403 2105 450 2164 ea
469 2080 685 2190 gravitatis.
739 2077 893 2162 Namsr
916 2103 1064 2190 corpus
1087 2080 1136 2165 'in
1160 2081 1315 2167 circulo
1336 2101 1455 2168 terrae
1479 2079 1744 2168 concentrico

176 2209 223 2290 vi
253 2205 457 2316 gravitatis
479 2203 557 2286 suae
585 2203 828 2300 revolvatur,
868 2201 955 2286 haec
983 2204 1154 2313 gravitas
1188 2204 1244 2288 est
1276 2204 1395 2316 ipsius
1419 2207 1480 2291 vis
1509 2207 1745 2316 centripeta.

175 2331 315 2418 Datur
341 2351 477 2416 autem
510 2354 564 2414 ex
591 2327 783 2415 descensu
819 2328 1001 2440 gravium
1043 2326 1087 2411 dr
1122 2348 1281 2441 tempus
1321 2331 1585 2418 revolutionis
1617 2331 1751 2434 unius,
1882 2422 1886 2447 Ι

178 2456 227 2542 &
253 2483 369 2544 arcus
402 2455 500 2544 dato
529 2455 676 2568 quovis
703 2474 889 2567 tempore
917 2453 1153 2566 descriptus,
1180 2479 1253 2566 per
1272 2454 1397 2565 hujus
1425 2458 1553 2543 corol.
1580 2455 1636 2543 ix.
1690 2450 1748 2539 Et

176 2578 411 2690 hujusmodi
438 2577 778 2690 propositionibus
804 2577 1010 2690 Hagenius
1044 2578 1088 2663 in
1129 2577 1281 2664 eximio
1307 2577 1377 2663 suo
1402 2575 1573 2665 tradatu
1599 2579 1648 2665 de
1669 2577 1751 2662 Ho-

180 2709 327 2823 rologio
352 2707 609 2816 oscillatorio
634 2705 718 2789 vim
739 2706 944 2814 gravitatis
968 2731 1065 2790 cum
1096 2705 1395 2790 revolventium
1422 2705 1573 2792 viribus
1598 2703 1750 2792 centri·

181 2830 291 2942 fugis
319 2829 505 2916 contulit.

242 2951 519 3042 Demonstrari
547 2952 670 3038 etiam
690 2949 850 3064 poffunt
876 2946 1149 3060 praecedentia
1174 2950 1217 3037 in
1237 2952 1346 3038 hunc
1374 2952 1558 3041 modum.
1612 2949 1656 3038 In
1673 2952 1750 3040 cir·

185 3083 281 3170 culo
311 3082 455 3194 quovis
491 3079 663 3165 describi
706 3079 951 3190 intelligatur
981 3077 1232 3188 polygonum
1265 3081 1436 3166 laterum
1469 3098 1747 3196 quotcunque.

186 3205 243 3294 Et
272 3210 301 3294 fi
329 3231 477 3319 corpus
509 3205 554 3290 in
579 3204 772 3318 polygoni
807 3202 996 3288 lateribus
1030 3202 1122 3288 data
1156 3230 1253 3290 cum
1286 3206 1502 3290 velocitate
1540 3207 1750 3294 movendo

187 3335 239 3419 ad
266 3333 350 3440 ejus
375 3323 541 3440 angulos
570 3327 743 3438 fingulos
770 3353 793 3409 a
817 3325 975 3410 circulo
999 3321 1257 3425 relleslatur3
1296 3329 1368 3423 vis,
1402 3353 1482 3442 qua
1503 3327 1662 3438 fingulis
1687 3356 1750 3414 re·

189 3455 432 3545 flexionibus
462 3452 649 3563 impingit
680 3453 721 3536 in
753 3451 965 3546 circulum,
999 3451 1075 3534 erit
1107 3472 1155 3534 ut
1195 3450 1278 3560 ejus
1313 3452 1528 3561 velocitas:
1570 3450 1752 3568 ideoque

188 3584 340 3670 summa
362 3581 508 3666 virium
530 3579 573 3662 in
599 3577 700 3670 ¹dato
728 3596 914 3688 tempore
936 3575 1013 3660 erit
1031 3592 1078 3658 ut
1097 3575 1288 3661 velocitas
1309 3575 1387 3675 illa,
1417 3574 1669 3666 &numerus
1688 3607 1753 3667 re·

190 3709 413 3796 flexionum
442 3701 717 3811 conjunsiim:
747 3703 827 3787 hoc
847 3701 904 3786 est
931 3699 978 3809 (li
996 3701 1244 3812 polygonum
1264 3700 1384 3788 detur
1409 3703 1562 3817 specie)
1590 3727 1637 3792 ut
1657 3709 1746 3794 lon·

194 3835 333 3944 gitudo
360 3833 458 3916 dato
478 3831 547 3919 illo
574 3851 759 3940 tempore
786 3826 999 3940 descripta,
1019 3826 1062 3911 dc
1082 3825 1197 3915 ausis
1220 3831 1285 3914 vel
1306 3831 1506 3918 diminuta
1525 3833 1566 3920 in
1593 3834 1751 3922 ratione

193 3954 450 4068 longitudinis
475 3952 652 4062 ejusdem
673 3950 724 4035 ad
750 3951 890 4036 circuli
916 3950 1098 4061 praeditli
1122 3949 1310 4049 radium3
1346 3953 1388 4037 id
1416 3953 1485 4052 est,
1512 3973 1557 4038 ut
1582 3956 1753 4068 quadro·

196 4107 279 4168 tum
305 4077 567 4192 longitudinis
593 4078 696 4163 illius
729 4079 971 4188 applicatum
999 4073 1049 4160 ad
1075 4076 1261 4162 radium:
1307 4078 1500 4190 ideoque,
1535 4077 1754 4191 srpolygo·

197 4235 287 4294 num
311 4205 500 4292 lateribus
530 4203 684 4288 infinite
716 4201 925 4288 diminutis
953 4200 1160 4286 coincidat
1188 4227 1283 4287 cum
1310 4203 1479 4301 circulo,
1511 4223 1557 4288 ut
1584 4207 1753 4318 quadra.

199 4357 277 4420 tum
308 4357 421 4417 arcus
449 4328 547 4414 dato
575 4347 760 4438 tempore
787 4325 976 4437 descripti
1004 4325 1244 4436 applicatum
1264 4327 1315 4414 ad
1338 4327 1509 4412 radium.
1564 4328 1671 4414 Haec
1695 4335 1754 4418 est

201 4457 252 4541 vis
271 4453 510 4560 centrisuga,
543 4477 621 4564 qua
648 4475 796 4562 corpus
818 4469 936 4558 urget
969 4447 1196 4547 circulum;
1237 4451 1279 4535 dc
1312 4451 1407 4550 huic
1429 4454 1590 4565 aequalis
1609 4453 1667 4537 est
1692 4457 1755 4550 vis

204 4583 402 4681 contraria,
426 4606 507 4694 qua
525 4576 698 4664 circulus
719 4577 916 4665 continuo
944 4575 1102 4688 repellit
1125 4603 1271 4692 corpus
1295 4599 1484 4664 centrum
1503 4581 1651 4666 versus.

1348 4959 1809 5074 PROPOSlTlO
