4450 5674
955 169 1498 316 nnr'Tonss

449 376 602 463 tenacia
620 376 769 464 fuerint
785 377 953 466 adinstar
974 384 1054 467 olei
1072 383 1114 468 ἃ
1134 385 1272 468 mellis.
1310 381 1654 496 Refi'ssentiaquae
1674 377 1893 468 sentituriu
1911 385 2040 480 aifre,

448 505 837 616 aquabydrargyro,
851 506 1136 616 &hujusmodi
1149 511 1285 596 fluidis
1300 541 1381 598 non
1398 511 1605 596 tenacibus
1620 509 1861 594 feretotaell
1875 509 2039 619 prioris·

449 628 631 742 generis,
652 629 695 714 ἃ
714 632 841 716 minui
856 641 939 716 non
958 633 1089 742 potest
1108 661 1180 744 per
1193 639 1429 720 ulteriorem
1443 659 1733 748 quemcunque
1747 633 1918 740 gradum
1933 632 2030 717 sub·

450 756 623 852 tilitatis,
674 778 862 842 manente
889 758 1007 842 fluidi
1036 761 1232 845 densrtate
1267 764 1331 846 vel
1364 763 1404 846 vi
1434 762 1611 854 inertiae,
1655 759 1722 842 cui
1745 758 1905 870 semper
1924 783 2028 868 pro·

449 881 685 995 portionalis
701 883 757 966 est
778 884 865 966 haec
886 881 1126 982 refillentia;
1155 884 1508 999 quemadmodum
1533 881 1746 969 clariffime
1773 883 2030 968 demonilra·

451 1027 539 1090 tum
562 1007 619 1090 est
641 1007 689 1092 ab
718 1007 884 1092 audore
913 1009 1052 1094 nostro
1073 1011 1115 1093 in
1142 1016 1378 1124 peregregia
1395 1011 1706 1096 resrllentiarum
1727 1009 1898 1105 theoria,
1927 1035 2028 1122 quae

448 1134 570 1242 paulo
599 1160 708 1218 nunc
736 1135 962 1220 accuratius
991 1136 1225 1246 exponitur,
1253 1139 1328 1222 hac
1354 1136 1530 1223 secunda
1547 1137 1659 1234 vice,
1696 1135 1738 1218 dt
1765 1161 1838 1246 per
1862 1134 2030 1246 experi-

450 1280 588 1344 menta
611 1287 832 1373 corporum
862 1263 1096 1348 cadentium
1119 1265 1275 1373 plenius
1294 1266 1570 1350 confirmatur.

504 1381 693 1492 Corpora
713 1385 1019 1495 progrediendo
1039 1406 1200 1472 motum
1216 1387 1331 1472 luum
1343 1387 1476 1472 fluido
1496 1386 1689 1472 ambienti
1705 1385 2029 1498 paularimcom·

452 1509 673 1606 municant‚
702 1507 1113 1594 &communicando
1136 1513 1346 1610 amittunt,
1383 1513 1612 1598 amittendo
1642 1531 1780 1594 autem
1816 1511 2029 1596 retardan-

453 1655 532 1719 tur.
589 1634 653 1717 Est
678 1637 815 1749 itaque
833 1635 1056 1720 retardatio
1083 1639 1214 1720 motui
1237 1639 1543 1723 communicato
1565 1636 1908 1747 proportionalisa
1936 1663 2028 1721 mo·

453 1782 515 1846 tus
535 1786 635 1844 vero
657 1764 999 1858 communicatus,
1030 1763 1101 1848 ubi
1134 1763 1254 1848 datur
1281 1766 1466 1874 corporis
1486 1762 1787 1872 progredientis
1815 1763 2025 1860 velocitas,

452 1887 509 1972 eli
529 1907 573 1970 ut
606 1887 726 1970 lluidi
759 1887 952 1984 densrtas;
991 1915 1092 1999 ergo
1119 1891 1343 1974 retardatio
1372 1890 1440 1976 seu
1467 1890 1683 1974 resrllentia
1709 1889 1786 1973 erit
1814 1909 1859 1973 ut
1880 1891 2026 1976 eadem

451 2011 571 2097 fluidi
598 2012 793 2110 densrtas;
835 2039 969 2126 neque
997 2019 1079 2100 ullo
1106 2017 1223 2126 palio
1244 2016 1332 2102 tolli
1351 2015 1496 2128 potest,
1526 2014 1597 2100 nisr
1628 2015 1804 2100 ailuido
1822 2015 1873 2100 ad
1894 2037 2028 2126 partes

453 2139 637 2246 corporis
655 2131 825 2246 posticas
844 2159 1082 2224 recurrente
1116 2139 1346 2224 restituatur
1375 2157 1511 2222 motus
1534 2135 1703 2222 amilius.
1759 2135 1860 2222 Hoc
1890 2163 2027 2224 autem

453 2263 535 2347 dici
562 2290 645 2349 non
667 2263 833 2372 poterit,
862 2265 933 2350 nisr
954 2264 1160 2375 impreffio
1181 2266 1298 2350 iluidi
1318 2266 1358 2348 in
1376 2291 1525 2376 corpus
1549 2266 1599 2348 ad
1619 2283 1751 2374 partes
1771 2267 1941 2374 posticas
1972 2293 2028 2350 ae·

453 2389 581 2500 qualis
610 2385 733 2470 fuerit
752 2389 1002 2499 impressioni
1022 2391 1207 2500 corporis
1235 2393 1276 2474 in
1304 2389 1480 2474 fluidum
1512 2391 1564 2476 ad
1592 2409 1726 2500 partes
1749 2392 1912 2488 anticas,
1945 2393 2028 2476 hoc

453 2513 534 2612 est,
570 2513 642 2599 nist
660 2513 853 2597 velocitas
876 2515 1041 2598 relativa
1069 2541 1149 2627 qua
1177 2513 1353 2599 fluidum
1381 2515 1499 2600 irruit
1524 2517 1567 2601 in
1590 2541 1784 2624 corpusa
1812 2536 1945 2628 tergo,
1974 2539 2029 2600 ae·

327 2723 332 2732 ,
453 2637 580 2750 qualis
600 2638 725 2722 fuerit
745 2638 954 2722 velocitati
983 2663 1063 2750 qua
1081 2663 1231 2750 corpus
1246 2639 1364 2722 irruit
1390 2639 1431 2723 in
1452 2637 1642 2735 fluidum,
1669 2637 1802 2738 idest,
1831 2641 1902 2723 nisr
1918 2643 2029 2724 velo·

456 2771 554 2853 citas
568 2771 749 2855 absoluta
768 2769 889 2854 fluidi
904 2774 1152 2855 recurrentis
1172 2771 1301 2882 duplo
1324 2770 1451 2880 major
1471 2773 1594 2857 fuerit
1615 2797 1737 2883 quam
1756 2773 1946 2859 velocitas
1960 2775 2030 2859 ab·

455 2893 584 2978 soluta
619 2891 740 2976 fluidi
767 2895 964 3003 propulsu
1001 2896 1116 3006 quod
1137 2895 1225 2979 fieri
1253 2897 1410 3008 nequit.
1465 2897 1591 2979 Nullo
1622 2897 1747 3003 igitur
1772 2898 1902 2981 modo
1941 2901 2028 2984 tolli

456 3018 590 3128 potest
616 3015 843 3102 fluidorum
871 3015 1107 3114 reddentia,
1148 3043 1241 3130 quae
1270 3018 1401 3102 oritur
1427 3019 1476 3100 ab
1511 3020 1737 3102 eorundem
1771 3020 1966 3106 densrtate
1986 3023 2031 3105 dc

457 3145 499 3228 vi
526 3146 696 3230 inertiae.
757 3141 902 3256 ltaque
936 3143 1271 3227 concludendum
1303 3145 1403 3240 erit;
1433 3140 1552 3227 fluidi
1576 3145 1740 3228 caelestis
1772 3149 1921 3232 nullam
1951 3144 2031 3231 elle

455 3271 544 3356 uim
573 3271 753 3366 inertiae,
780 3293 875 3352 curn
905 3271 1011 3354 nulla
1037 3268 1083 3351 fit
1113 3271 1171 3352 vis
1190 3267 1415 3353 resrstendi:
1447 3271 1596 3353 nullam
1631 3267 1709 3356 elie
1733 3269 1815 3352 vim
1834 3298 1914 3382 qua
1943 3299 2032 3356 mo·

459 3419 522 3486 tus
542 3398 887 3496 communicetur,
915 3423 1012 3482 cum
1037 3398 1144 3482 nulla
1171 3399 1218 3481 srt
1246 3399 1304 3483 vis
1329 3397 1507 3482 inertiae:
1544 3398 1693 3481 nullam
1728 3395 1806 3482 effe
1841 3399 1924 3484 vim
1952 3427 2032 3514 qua

460 3524 634 3608 mutatio
674 3522 867 3632 quaelibet
907 3522 972 3604 vel
1008 3521 1249 3628 corporibus
1283 3519 1443 3629 singulis
1474 3519 1539 3601 vel
1576 3517 1756 3627 pluribus
1795 3518 2038 3628 inducatur,

462 3671 558 3732 cum
581 3645 688 3729 nulla
708 3643 754 3725 srt
774 3643 833 3726 vis
850 3667 931 3754 qua
963 3661 1099 3724 motus
1120 3645 1474 3737 communicetur;
1505 3644 1653 3726 nullam
1678 3641 1755 3725 effe
1784 3644 1955 3730 omnino
1974 3646 2034 3728 ef·

462 3773 666 3868 licaciam,
708 3795 803 3855 cum
836 3769 943 3854 nulla
973 3765 1020 3850 srt
1039 3767 1205 3852 facultas
1238 3770 1511 3854 mutationem
1543 3769 1767 3881 quamlibet
1799 3769 2036 3857 inducendi.

463 3900 623 4013 Quidni
658 3921 759 4007 ergo
787 3896 891 3981 hanc
921 3893 1182 4007 hypothesrn,
1217 3921 1310 4008 quae
1331 3897 1601 3981 fundamento
1632 3897 1749 4006 plane
1777 3895 2035 3998 destituitur,

464 4051 637 4143 quaeque
664 4044 819 4109 naturae
842 4047 980 4108 rerum
1001 4023 1253 4132 explicandae
1272 4050 1323 4107 ne
1350 4023 1564 4108 minimum
1586 4019 1756 4132 quidem
1770 4021 1948 4120 inservit,
1976 4025 2036 4108 in·

465 4152 708 4264 eptillimam
732 4175 877 4232 vocare
898 4146 1081 4230 liceat&
1103 4141 1345 4258 philosopho
1366 4147 1526 4258 prorsus
1548 4147 1769 4258 indignam.
1808 4146 1894 4257 Qui
1914 4147 2038 4231 caelos

467 4277 634 4360 materia
661 4271 788 4357 fluida
814 4274 991 4383 repletos
1023 4265 1103 4353 ess‘e
1118 4273 1274 4369 volunt,
1302 4273 1405 4356 hanc
1431 4299 1531 4356 vero
1554 4297 1637 4355 non
1656 4273 1829 4356 inertem
1863 4268 1941 4354 elie
1967 4270 2038 4366 sta·

467 4421 611 4495 munta
646 4399 689 4484 hi
717 4397 851 4483 verbis
875 4399 1023 4483 tollunt
1052 4423 1243 4496 vacuum,
1264 4418 1498 4510 reponunt.
1555 4397 1663 4480 Nam
1686 4422 1783 4481 cum
1804 4395 2042 4503 hujusmodi

467 4529 634 4615 materia
655 4525 782 4610 fluida
812 4527 970 4611 ratione
997 4525 1103 4609 nulla
1125 4523 1279 4612 secerni
1296 4525 1421 4638 polilt
1440 4527 1489 4608 ab
1510 4525 1616 4608 inani
1637 4523 1784 4635 spatio;
1815 4523 2042 4632 disputatio

469 4673 556 4740 tota
568 4655 613 4737 fit
629 4654 681 4737 de
694 4679 830 4736 rerum
845 4650 1091 4745 nominibus,
1117 4677 1202 4736 non
1222 4650 1274 4734 de
1295 4652 1458 4735 naturis.
1514 4650 1644 4762 Quod
1666 4649 1828 4763 fialiqui
1843 4651 1916 4734 srnt
1934 4651 2039 4736 adeo

469 4781 597 4896 usque
620 4778 751 4865 dediti
782 4778 976 4878 materiae,
1004 4794 1050 4862 ut
1069 4773 1241 4888 spatium
1264 4803 1285 4860 a
1310 4775 1552 4887 corporibus
1575 4801 1749 4862 vacuum
1775 4775 1888 4861 nullo
1920 4773 2042 4884 pauo

1896 4912 2041 4997 admit·

1254 5055 1273 5116 s
