4450 5674
449 231 846 328 PRINCIPIA
894 231 1486 336 MATHEMATICA.
1734 279 1765 370 9

260 406 405 492 Motus
434 411 658 517 proprietas
685 409 754 503 est,
789 405 904 518 quod
932 427 1078 515 partes,
1112 435 1205 521 quae
1234 407 1344 496 datas
1367 415 1523 498 servant
1544 416 1760 525 positiones
1782 425 1995 538 thfrpss·

199 535 256 618 ad
284 555 383 631 tota,
421 535 661 644 participant
690 553 823 617 motus
863 535 1088 618 eorundem
1127 559 1321 622 totorum.
1398 541 1503 626 Nam
1536 523 1891 654 gyranttum⁰l²³'

198 649 336 770 partes
364 683 505 742 omnes
532 679 728 742 conantur
759 659 952 741 recedere
980 661 1030 742 ab
1061 687 1135 744 axe
1156 686 1303 767 motus,
1340 669 1383 752 de
1415 673 1766 779 progredientium

199 784 379 892 impetus
411 785 541 866 oritur
573 808 625 866 ex
655 780 872 888 conjuncto
910 784 1065 891 impetu
1104 793 1276 897 partium
1313 793 1565 899 singularum.
1632 797 1765 885 Motis

196 911 327 1018 igitur
351 908 591 1017 corporibus
620 907 902 1004 ambientibuS,
938 933 1154 996 moventur
1184 943 1276 1028 quae
1306 919 1347 1002 in
1374 921 1641 1007 ambientibus
1667 929 1769 1010 rela-

199 1039 289 1120 tive
309 1035 533 1147 quiescunt.
591 1030 645 1116 Et
674 1053 887 1142 propterea
915 1056 1048 1120 motus
1077 1066 1192 1124 verus
1222 1041 1489 1129 &absolutus
1517 1047 1676 1134 definiri
1696 1079 1766 1137 ne·

198 1163 293 1274 quit
319 1186 391 1270 per
411 1158 707 1242 transsationem
728 1185 751 1242 e
772 1159 916 1242 vicinia
943 1185 1177 1272 corporum,
1212 1194 1304 1279 quae
1338 1195 1527 1283 tanquam
1556 1176 1762 1286 quiescen-

199 1288 258 1370 tia
287 1284 521 1394 speslantur.
578 1283 738 1366 Debent
767 1285 875 1366 enim
907 1309 1078 1394 corpora
1111 1311 1276 1375 externa
1307 1321 1389 1378 non
1417 1296 1543 1378 solum
1572 1321 1763 1415 tanquam

198 1410 448 1521 quiescentia
482 1407 667 1519 spesiari,
710 1404 929 1492 sedetiam
963 1439 1057 1495 vere
1091 1417 1309 1526 quiescere.
1384 1422 1579 1535 Alioquin
1614 1431 1762 1515 inclusa

199 1537 362 1631 omnia,
401 1553 548 1642 praeter
582 1528 879 1642 transsationem
908 1561 931 1616 e
963 1537 1107 1621 vicinia
1139 1543 1425 1640 ambientium,
1464 1552 1761 1664 participabunt

197 1661 326 1742 etiam
365 1657 630 1744 ambientium
666 1679 800 1743 motus
837 1685 987 1755 verosa
1031 1661 1250 1751 &sublata
1289 1672 1352 1754 illa
1387 1671 1644 1760 transsatione
1676 1705 1760 1765 non

198 1809 299 1869 vere
331 1785 550 1897 quiescent,
577 1783 646 1868 sed
675 1803 863 1896 tanquam
896 1787 1140 1898 quiescentia
1179 1792 1437 1880 solummodo
1469 1800 1761 1908 spedlabuntur.

196 1913 303 1998 Sunt
331 1913 440 1995 enim
478 1911 693 1995 ambientia
723 1914 773 1995 ad
805 1913 977 2009 inclusa,
1020 1937 1065 1999 ut
1084 1917 1219 2003 totius
1253 1945 1341 2031 pars
1374 1949 1396 2006 e
1429 1927 1553 2012 terior
1584 1928 1635 2014 ad
1669 1955 1762 2040 par·

197 2058 286 2122 tem
315 2039 566 2133 interiorem,
594 2038 729 2118 velut
756 2061 901 2122 cortex
927 2040 976 2120 ad
1012 2044 1214 2127 nucleum.
1273 1953 1566 2138 monimen
1592 2063 1762 2156 cortice,

198 2162 370 2245 nucleus
406 2161 554 2254 etiam,
588 2161 667 2242 sme
702 2159 958 2246 transsatione
987 2161 1040 2248 de
1075 2167 1220 2251 vicinia
1246 2173 1429 2272 corticis,
1470 2202 1548 2261 ceu
1580 2205 1669 2291 pars
1692 2201 1760 2264 to·

201 2287 297 2380 tius,
318 2302 517 2368 movetur.

255 2410 512 2495 Praecedenti
532 2408 769 2520 proprietati
796 2408 927 2496 affinis
954 2413 1022 2511 eil,
1046 2417 1175 2528 ¹quod
1203 2445 1319 2508 moto
1344 2427 1438 2511 loco
1465 2451 1653 2521 movetur
1680 2463 1760 2526 una

197 2539 404 2621 locatum:
442 2535 620 2647 ideoque
650 2558 811 2644 corpus,
842 2538 956 2648 quod
977 2539 1144 2626 deloco
1170 2567 1285 2631 moto
1312 2573 1514 2654 movetur,
1548 2563 1759 2672 participa-t

198 2663 326 2747 etiam
359 2659 440 2744 loci
467 2658 525 2742 sui
552 2677 724 2741 motum.
797 2659 941 2745 Motus
967 2664 1090 2771 igitur
1123 2693 1285 2768 omnes,
1324 2677 1394 2786 qui
1426 2678 1479 2764 de
1507 2683 1605 2768 locis
1636 2690 1759 2772 motis

197 2789 319 2882 fiunt,
344 2784 432 2868 sunt
453 2803 583 2892 partes
605 2781 863 2867 solummodo
891 2809 1082 2902 motuum
1105 2793 1358 2902 integrorum
1385 2801 1428 2884 dc
1460 2805 1762 2898 absolutorum:

197 2913 249 2999 dc
272 2929 404 2994 motus
424 2909 554 2995 omnis
581 2911 740 3019 integer
765 2915 1028 3021 componitur
1055 2945 1108 3002 ex
1132 2943 1251 3006 motu
1281 2930 1463 3037 corporis
1486 2929 1539 3016 de
1566 2935 1660 3019 loco
1685 2940 1766 3025 suo·

197 3040 349 3150 primo,
380 3033 422 3117 ἃ
443 3054 557 3120 motu
585 3035 664 3119 loci
686 3036 802 3144 hujus
823 3035 988 3122 deloco
1008 3041 1092 3140 suo,
1119 3046 1164 3129 dc
1190 3049 1243 3133 lic
1263 3051 1481 3165 deinceps;
1511 3059 1759 3171 usquedum

197 3163 459 3275 perveniatur
487 3162 538 3245 ad
569 3163 705 3248 locum
733 3165 980 3265 immotum,
1013 3190 1058 3254 ut
1086 3173 1128 3256 in
1160 3181 1348 3287 exemplo
1375 3202 1508 3266 nautae
1535 3186 1652 3297 supra
1674 3205 1758 3278 me·

198 3309 374 3371 morato.
430 3283 552 3369 Unde
570 3306 705 3370 motus
731 3290 878 3396 integri
904 3290 1140 3379 &absoluti
1169 3324 1252 3383 non
1279 3304 1350 3386 nisr
1379 3333 1451 3414 per
1477 3311 1564 3391 loca
1589 3313 1760 3402 immota

130 3457 142 3470 κ
199 3413 365 3498 deliniri
384 3409 543 3522 possunt
560 3445 569 3490 ι
600 3413 875 3524 &propterea
893 3418 967 3500 hos
987 3419 1038 3501 ad
1065 3423 1153 3506 loca
1180 3428 1362 3526 immota,
1390 3433 1576 3519 relativos
1598 3439 1650 3524 ad
1669 3457 1770 3528 moe

196 3539 294 3622 bilia
327 3537 441 3646 supra
468 3535 599 3619 retuli.
656 3537 772 3622 Loca
800 3561 935 3624 autern
964 3544 1131 3630 immota
1159 3553 1368 3652 nonium,
1405 3557 1477 3640 nisr
1503 3585 1594 3670 quae
1621 3571 1758 3654 omnia

198 3666 252 3751 ab
271 3661 431 3746 infinito
450 3663 491 3744 in
517 3661 718 3745 inlinitum
746 3664 855 3748 datas
886 3667 1043 3751 servant
1071 3673 1287 3781 politiones
1312 3681 1362 3764 ad
1391 3683 1596 3782 invicema
1635 3709 1761 3804 atque

197 3788 306 3872 adeo
332 3786 488 3894 semper
516 3809 678 3870 manent
708 3790 888 3888 immota,
923 3794 1174 3909 spatiumque
1198 3805 1446 3894 constituunt
1471 3810 1586 3920 quod
1613 3815 1763 3905 immo:

197 3913 281 3997 bile
301 3912 468 4021 appello.

258 4037 413 4134 Causae,
446 4036 591 4148 quibus
618 4058 752 4121 motus
780 4041 866 4125 veri
895 4041 939 4126 &
969 4047 1123 4133 relativi
1160 4052 1459 4164 distinguuntur
1483 4060 1532 4144 ab
1565 4065 1756 4170 invicem,

200 4167 292 4247 lunt
330 4163 435 4244 vires
471 4163 512 4244 in
541 4188 713 4272 corpora
745 4166 940 4277 imprelsae
972 4171 1022 4253 ad
1056 4193 1214 4261 motum
1256 4184 1544 4287 generandum.
1612 4191 1760 4282 Motus

198 4311 319 4370 verus
339 4311 415 4369 nec
435 4309 649 4391 generatur
668 4313 742 4371 nee
766 4307 958 4387 mutatur,
978 4295 1049 4377 nisr
1069 4323 1141 4406 per
1166 4302 1269 4386 vires
1290 4307 1330 4388 in
1351 4306 1478 4416 ipsum
1505 4336 1654 4424 corpus
1672 4349 1754 4406 mo-

201 4428 289 4495 tum
323 4407 558 4521 impressas:
596 4433 636 4494 at
666 4434 800 4497 motus
826 4418 1013 4502 relativus
1048 4429 1303 4530 generari&
1338 4435 1484 4517 mutati
1513 4443 1643 4547 potest
1676 4447 1763 4534 fine

198 4535 350 4618 viribus
376 4533 572 4645 impreffis
602 4537 643 4619 in
678 4538 757 4620 hoc
785 4565 943 4650 corpus.
1001 4543 1162 4632 Sufficit
1189 4554 1298 4637 enim
1329 4577 1373 4640 ut
1408 4559 1687 4668 imprimantur
1714 4573 1759 4657 in·

200 4660 273 4742 alia
305 4661 430 4744 solum
460 4684 633 4767 corpora
664 4663 713 4744 ad
743 4689 835 4776 quae
868 4665 913 4748 fit
947 4671 1109 4768 relatio,
1146 4695 1191 4758 ut
1225 4680 1272 4762 iis
1304 4685 1543 4772 cedentibus
1576 4714 1759 4780 mutetur

200 4786 343 4868 relatio
370 4785 446 4880 illa,
472 4786 514 4869 in
543 4813 622 4898 qua
650 4789 762 4894 hujus
793 4793 905 4900 quies
934 4797 998 4878 vel
1026 4819 1161 4884 motus
1195 4806 1380 4894 relativus
1404 4814 1589 4898 consistit.
1645 4817 1755 4903 Rur-

199 4909 284 4996 sum
305 4928 439 4995 motus
459 4937 575 4996 verus
594 4941 616 4996 a
633 4911 783 4998 viribus
803 4917 844 5002 in
873 4944 1020 5030 corpus
1045 4945 1204 5012 motum
1229 4929 1425 5044 inrpressis
1448 4937 1603 5050 semper
1629 4961 1759 5029 muta·

965 5045 1022 5126 C'
1664 5085 1758 5175 tur;
