4450 5674
683 243 1261 344 PRAEFATIO

175 433 394 508 metarum
413 409 593 500 motibus
609 404 781 494 omnino
803 407 918 494 locus
938 431 1024 494 non
1043 405 1145 509 erit;
1165 409 1239 496 nili
1259 411 1427 500 materia
1442 411 1505 500 illa
1524 414 1663 504 fiditia
1680 441 1751 531 pe·

181 548 341 634 nituse
363 538 471 624 caelis
501 550 754 620 amoveatur.

244 669 288 754 Si
301 666 412 753 enim
431 662 601 776 planetae
619 659 777 743 circum
797 655 923 740 solem
942 681 964 740 a
982 657 1209 743 vorticibus
1229 658 1515 763 devehuntur,
1546 659 1752 749 vorticum

177 811 338 908 partes,
368 809 462 900 quae
475 783 663 897 proxime
680 779 864 866 ambiunt
877 779 1214 894 unumquemque
1228 787 1446 894 planetam,
1459 786 1641 896 ejusdem
1655 786 1754 868 den·

180 919 310 1004 fitatis
324 932 445 1000 erunt
460 937 507 994 ac
526 911 705 1021 planeta,
734 907 796 990 uti
815 906 930 1016 supra
950 905 1104 991 dissum
1123 909 1190 992 eli.
1245 909 1383 1025 ltaque
1402 914 1567 996 materia
1583 912 1647 995 illa
1665 935 1754 993 orn·

181 1044 251 1128 nis
271 1063 366 1154 quae
381 1033 577 1142 contigua
594 1029 652 1114 est
670 1028 780 1114 orbis
803 1031 938 1138 magni
964 1029 1202 1137 perimetro,
1229 1059 1368 1145 parem
1396 1035 1558 1120 habebit
1574 1061 1620 1118 ac
1640 1035 1755 1118 tellus

184 1167 454 1252 densitatem:
474 1179 567 1269 quae
585 1179 684 1238 vero
694 1151 802 1262 jacet
816 1151 920 1235 intra
934 1151 1077 1237 orbem
1093 1179 1284 1265 magnum
1299 1177 1422 1270 atque
1434 1159 1578 1244 orbem
1592 1156 1756 1254 saturni,

182 1294 259 1378 vel
282 1311 422 1401 parem
452 1283 517 1368 vel
543 1278 738 1386 majorem
764 1277 942 1362 habebit
999 1275 1106 1360 Nam
1136 1301 1183 1364 ut
1209 1282 1447 1368 constitutio
1473 1284 1641 1367 vorticis
1663 1307 1756 1392 per·

184 1439 358 1502 manere
373 1407 507 1524 possit,
535 1405 688 1493 debent
715 1422 848 1516 partes
869 1402 1001 1488 minus
1018 1402 1154 1490 densae
1177 1426 1366 1494 centrum
1382 1434 1602 1522 occupare,
1630 1407 1756 1518 magis
1791 1437 1818 1454 ·’

186 1539 328 1626 densae
349 1533 509 1643 longius
534 1561 557 1618 a
579 1552 724 1618 centro
750 1529 873 1614 abite.
931 1527 1042 1614 Cum
1068 1530 1178 1615 enim
1198 1534 1450 1642 planetarum
1471 1557 1654 1648 tempora
1684 1559 1758 1644 pe·

185 1665 350 1753 riodica
363 1662 436 1748 srnt
454 1659 495 1744 in
508 1658 664 1743 ratione
678 1654 954 1770 sesquiplicata
964 1655 1239 1742 distantiarum
1250 1687 1272 1742 a
1285 1657 1381 1756 sole,
1400 1679 1565 1769 oportet
1581 1657 1758 1769 partium

186 1789 362 1876 vorticis
386 1784 580 1898 periodos
598 1780 772 1867 eandem
800 1783 1001 1866 rationem
1018 1775 1187 1871 servare.
1216 1781 1316 1870 lude
1342 1811 1443 1868 vero
1469 1783 1665 1896 sequitur,
1697 1782 1758 1866 vi·

186 1942 258 2002 res
270 1909 517 2018 centrisugss
528 1909 669 1993 harum
685 1905 861 2018 partium
875 1903 965 1990 fore
977 1907 1189 2017 reciproce
1203 1925 1247 1991 ut
1262 1905 1457 2019 quadrata
1471 1905 1759 1992 distantiarum.

185 2043 300 2154 Quae
319 2036 444 2150 igitur
468 2031 619 2141 majore
638 2032 852 2118 intervallo
866 2029 1014 2116 distant
1030 2059 1051 2116 a
1070 2055 1232 2130 centro,
1258 2033 1444 2119 nituntur
1461 2034 1511 2118 ab
1531 2030 1681 2116 eodem
1696 2057 1760 2116 re·

190 2165 349 2252 cedere
374 2159 535 2244 minore
564 2158 624 2240 vi:
653 2155 765 2242 unde
790 2153 971 2238 siminus
999 2153 1133 2240 densae
1162 2154 1340 2254 suerint,
1365 2151 1523 2242 necesse
1540 2153 1598 2240 est
1616 2172 1664 2239 ut
1691 2178 1761 2239 ce·

188 2292 296 2376 dant
320 2289 361 2373 vi
389 2284 553 2395 majori,
598 2307 679 2396 qua
706 2298 838 2394 partes
876 2297 1023 2365 centro
1057 2282 1270 2392 propiores
1298 2283 1518 2370 ascendere
1550 2301 1763 2368 conantur.

190 2414 435 2504 Ascendent
455 2433 556 2520 ergo
576 2407 796 2506 densiores,
825 2404 1075 2494 descendent
1096 2413 1228 2498 minus
1248 2411 1397 2511 densae,
1415 2410 1458 2495 δι
1483 2413 1672 2520 locorum
1691 2410 1763 2497 fiet

189 2542 374 2628 invicem
397 2533 668 2650 permutatim
696 2530 832 2618 donec
857 2531 915 2616 ita
938 2529 1063 2619 suerit
1081 2535 1270 2650 disposita
1289 2557 1412 2650 atque
1431 2537 1617 2624 ordinata
1634 2555 1765 2622 mate·

190 2669 256 2764 ria
285 2661 416 2748 fluida
441 2661 567 2746 totius
593 2658 782 2756 vorticis,
817 2676 864 2745 ut
895 2659 1188 2772 conquiescere
1220 2664 1304 2772 jam
1323 2662 1444 2773 possit
1464 2663 1507 2747 in
1533 2657 1764 2772 aequilibrio

193 2790 428 2879 constituta.
481 2787 525 2872 Si
550 2785 644 2871 bina
669 2782 810 2882 fluida,
836 2810 1015 2897 quorum
1048 2786 1205 2872 diversa
1230 2787 1287 2874 est
1312 2786 1504 2885 densitas,
1539 2786 1584 2872 in
1612 2783 1764 2870 eodem

192 2913 290 3002 vase
326 2909 613 3007 continentum
658 2910 801 3020 utique
835 2907 1020 2994 futurum
1049 2910 1107 2996 est
1159 2932 1206 2996 ut
1240 2909 1446 3010 fluidum,
1486 2907 1599 3020 cujus
1636 2906 1766 3016 major

192 3040 257 3130 est
275 3035 461 3134 densitas,
488 3031 641 3142 maj0re
659 3032 700 3118 vi
722 3030 930 3140 gravitatis
961 3033 1152 3124 infimum
1177 3057 1291 3150 petat
1325 3039 1486 3124 locum:
1539 3034 1582 3119 δι
1608 3033 1770 3120 ratione

191 3189 282 3254 non
301 3159 468 3247 absimili
495 3157 666 3242 omnino
691 3155 916 3242 dicendum
936 3156 1009 3255 eli,
1027 3159 1233 3248 densiores
1251 3162 1419 3248 vorticis
1448 3180 1581 3272 partes
1612 3155 1768 3266 majore

193 3291 239 3374 vi
267 3280 495 3392 centrisuga
524 3301 666 3393 petere
690 3280 925 3390 supremum
951 3283 1103 3370 locum.
1159 3285 1274 3370 Tota
1303 3287 1429 3396 igitur
1458 3286 1523 3370 illa
1561 3283 1604 3366 &
1636 3281 1768 3366 multo

193 3412 378 3498 maxima
398 3431 489 3518 pars
518 3405 718 3516 vorticis,
747 3425 841 3512 quae
868 3401 976 3508 jacet
994 3428 1110 3492 extra
1142 3409 1294 3493 telluris
1322 3409 1480 3504 orbem,
1525 3404 1767 3490 densitatem

193 3533 367 3622 habebit
390 3547 513 3643 atque
532 3528 638 3614 adeo
657 3527 741 3612 vim
763 3527 921 3613 inertiae
947 3557 1026 3642 pto
1048 3533 1158 3616 mole
1177 3535 1369 3631 materiae,
1398 3556 1492 3645 quae
1523 3557 1607 3618 non
1632 3532 1768 3616 minor

195 3661 278 3748 erit
306 3681 429 3772 quarn
461 3652 633 3742 densitas
672 3651 716 3735 de
745 3653 808 3736 vis
835 3653 993 3740 inertiae
1029 3657 1197 3743 telluris:
1235 3657 1332 3744 inde
1367 3683 1468 3743 vero
1491 3656 1665 3742 cometis
1688 3674 1770 3738 tra·

193 3781 311 3892 jedis
339 3780 498 3865 orietur
523 3776 666 3886 ingens
692 3772 924 3875 refillentia,
966 3778 1012 3864 δι
1046 3779 1165 3866 valde
1195 3778 1422 3868 admodum
1457 3778 1667 3877 senfibilis;
1714 3801 1768 3862 ne

198 3903 354 4000 dicam,
379 3923 475 4014 quae
494 3919 654 3983 motum
678 3896 908 3982 eorundem
927 3900 1087 4010 penitus
1112 3900 1244 3988 srllere
1264 3922 1386 4016 atque
1413 3900 1629 3986 absorbere
1657 3895 1769 4011 polle

198 4024 354 4110 merito
383 4019 581 4106 videatur.
638 4018 810 4104 Constat
837 4039 974 4106 autem
1001 4047 1055 4108 ex
1079 4045 1198 4111 motu
1226 4047 1484 4112 cometarum
1515 4021 1677 4135 prorsus
1707 4047 1772 4106 re·

198 4149 346 4262 gulari,
372 4147 521 4234 nullam
535 4145 641 4258 ipsos
656 4145 916 4233 refillentiam
931 4148 1016 4260 pati
1033 4175 1126 4262 quae
1141 4153 1206 4236 vel
1221 4152 1437 4237 minimum
1456 4149 1596 4236 sentiri
1615 4145 1770 4260 potest3

201 4297 326 4394 atque
350 4275 458 4361 adeo
479 4273 718 4387 neutiquam
732 4275 776 4360 in
799 4275 1011 4362 materiam
1026 4277 1149 4362 ullam
1174 4277 1393 4378 incursare,
1422 4275 1536 4385 cujus
1566 4273 1701 4386 aliqua
1723 4271 1771 4359 srt

199 4405 263 4489 vis
290 4396 512 4494 resistendi,
552 4399 616 4483 vel
646 4395 954 4508 proindecujus
980 4397 1177 4510 aliquast
1204 4399 1375 4486 densitas
1406 4399 1477 4484 seu
1507 4397 1567 4482 vis
1598 4396 1772 4480 inertiae.

197 4525 306 4613 Nam
324 4522 542 4612 resistentia
564 4521 799 4626 mediorum
823 4524 955 4610 oritur
974 4525 1041 4608 vel
1060 4525 1110 4608 ab
1124 4523 1271 4612 inertia
1293 4527 1473 4612 materiae
1492 4521 1648 4621 fluidae,
1674 4525 1775 4610 vela

203 4649 371 4736 deseslu
385 4645 637 4734 lubricitatis.
694 4647 803 4762 Quae
824 4651 992 4734 oritura
1013 4649 1178 4734 desesiu
1193 4651 1446 4749 lubricitatis,
1464 4649 1690 4738 admodum
1704 4675 1775 4736 ex-

203 4775 299 4885 igua
312 4774 392 4874 est,
412 4772 454 4858 δι
475 4772 566 4861 sane
584 4774 655 4861 vix
674 4775 879 4864 observari
898 4775 1030 4888 poteli
1052 4776 1095 4863 in
1123 4776 1261 4866 fluidis
1279 4782 1404 4892 vulgo
1418 4783 1546 4885 notis,
1573 4779 1646 4868 nifi
1662 4781 1777 4902 valde

1073 4911 1097 4970 c
1623 4908 1779 4974 tenacia
