4312 5652
443 231 544 336 ψ
712 203 1247 306 nttrtosonttto
1282 194 1739 299 Naronatts
2130 250 2136 388 Ι

222 375 283 525 '¹232
302 381 426 446 Maru.
447 397 635 467 centrum
676 375 730 478 G,
765 373 896 494 litque
930 405 978 464 ea
1016 379 1059 464 in
1096 374 1322 490 perimmro
1354 369 1408 456 H
1414 371 1446 455 I
1452 369 1501 456 K
1529 372 1692 486 aequalis
1733 374 1775 460 vi
1808 379 2045 489 centripe-

235 532 240 542 “
286 481 414 528 '‘⁰¹⁸⁰'‘
441 521 501 590 tae
528 503 571 588 in
600 503 826 614 perimetro
853 500 966 614 globi
996 499 1139 622 ,⁶208
1169 497 1222 584 ad
1256 495 1375 612 ipsius
1407 514 1598 580 centrum
1628 495 1841 594 tendenti;
1879 496 1929 581 dc
1955 527 2047 585 eo·
2128 532 2131 541 ·

443 625 544 712 dem
583 643 772 738 tempore
813 651 900 739 quo
938 625 1164 738 pendulum
1196 619 1238 708 T
1269 620 1492 709 dimittitur
1532 645 1557 703 e
1601 619 1698 707 loco
1743 619 1941 732 supremo
1992 627 2045 727 S,

443 748 564 836 cadat
590 773 740 862 corpus
766 748 933 863 aliquod
953 750 994 832 L
1013 749 1062 835 ab
1079 747 1130 832 H
1140 745 1192 834 ad
1212 747 1253 832 G
1267 779 1282 832 .·
1310 749 1506 864 quoniam
1531 744 1637 830 vires
1664 747 1811 860 quibus
1841 773 2041 862 corpora

440 891 644 986 urgentur
675 874 766 961 sunt
798 876 971 989 aequales
1000 875 1072 960 sub
1103 874 1224 959 initio
1256 873 1459 984 &spatiis
1490 871 1769 959 describendis
1793 867 1895 972 TR,
1926 876 1973 959 L
1992 877 2043 960 G

443 998 603 1113 semper
620 1003 961 1116 proportionales,
981 1020 1105 1116 atque
1122 1002 1235 1102 ideo,
1262 1001 1292 1086 fi
1313 1018 1526 1116 aequantur
1541 999 1625 1084 TR
1643 999 1687 1084 δε
1705 997 1810 1099 LG,
1843 1005 2038 1116 aequales
2137 1035 2138 1096 t

446 1125 492 1212 in
511 1127 610 1214 locis
627 1125 727 1214 T&
746 1127 816 1230 L;
845 1147 957 1243 patet
979 1154 1155 1242 corpora
1173 1129 1239 1214 illa
1269 1126 1497 1216 describere
1517 1125 1640 1240 spatia
1659 1125 1746 1227 ST,
1771 1125 1868 1212 HL
1885 1153 2034 1244 aequa·
2117 1144 2128 1303 Ι

444 1250 499 1336 lia
524 1253 594 1341 sub
615 1253 750 1356 initio,
775 1254 957 1372 ideoque
981 1255 1153 1343 subinde
1179 1278 1352 1368 pergere
1373 1255 1582 1371 aequaliter
1603 1255 1755 1364 urgeri,
1782 1253 1828 1340 δι
1849 1259 2031 1370 aequalia
2119 1312 2123 1321 -

447 1375 571 1489 spatia
592 1378 834 1470 describere.
900 1385 1041 1494 Quare
1071 1386 1163 1495 (per
1188 1405 1304 1494 prop.
1335 1386 1553 1489 xxxvtrr.)
1583 1399 1742 1492 tempus
1763 1407 1850 1494 quo
1869 1407 2029 1494 corpus

449 1499 644 1591 describit
670 1531 812 1595 arcum
838 1505 921 1594 ST
940 1506 998 1594 esl
1019 1507 1072 1594 ad
1099 1528 1260 1620 tempus
1282 1505 1540 1594 oscillationis
1564 1506 1695 1606 unius,
1722 1525 1769 1591 ut
1786 1531 1906 1592 arcus
1925 1508 1988 1589 H
1989 1509 2026 1606 I,

445 1645 612 1746 tempus
632 1657 719 1750 quo
748 1657 898 1752 corpus
924 1633 979 1720 H
991 1635 1204 1750 perveniet
1222 1631 1276 1722 ad
1297 1630 1353 1735 L,
1377 1633 1430 1722 ad
1450 1632 1821 1749 semiperipheriam
1839 1632 1890 1716 H
1895 1633 1948 1718 K
1953 1634 2022 1733 M,
2137 1689 2138 1706 2

441 3663 604 3754 tempus
635 3659 721 3751 quo
759 3660 912 3749 corpus
944 3641 998 3726 H
1025 3643 1237 3755 perveniet
1266 3644 1322 3730 'ad
1352 3643 1418 3731 M.
1491 3641 1549 3736 Et
1594 3647 1788 3734 velocitas
1825 3651 2009 3756 corporis

442 3767 610 3884 penduli
637 3765 679 3848 in
705 3762 801 3845 loco
826 3757 869 3844 T
887 3763 945 3847 est
970 3765 1022 3851 ad
1050 3769 1311 3855 velocitatem
1341 3771 1460 3884 ipsius
1485 3773 1528 3859 in
1549 3773 1644 3859 loco
1663 3773 1807 3860 infimo
1826 3771 1881 3869 R,
1908 3773 2007 3877 (hoc

437 3895 515 3994 esi,
541 3888 734 3978 velocitas
753 3886 938 3999 corporis
961 3887 1015 3971 H
1032 3893 1075 3976 in
1099 3893 1195 3978 loco
1220 3891 1261 3976 L
1287 3894 1339 3979 ad
1370 3900 1630 3985 velocitatem
1656 3898 1740 4008 ejus
1770 3906 1811 3982 in
1836 3899 1935 3986 loco
1956 3903 2003 4001 G,

441 4022 511 4108 seu
542 4021 843 4105 incrementum
873 4039 1205 4104 momentaneum
1233 4021 1350 4107 lineae
1375 4021 1428 4104 H
1438 4020 1479 4105 L
1504 4025 1556 4109 ad
1590 4025 1889 4110 incrementum
1922 4053 2006 4113 mo·

437 4165 703 4232 mentaneum
721 4138 837 4222 lineae
868 4137 977 4238 HG,
1004 4143 1175 4228 arcubus
1202 4141 1293 4242 HI,
1320 4143 1427 4230 HK
1449 4147 1634 4262 aequabili
1662 4146 1779 4233 fluxu
1796 4146 2005 4238 crescenti-

436 4285 532 4390 bus)
553 4303 599 4367 ut
620 4279 841 4367 ordinatim
863 4279 1058 4391 applicata
1074 4281 1144 4366 LI
1155 4284 1206 4370 ad
1219 4285 1379 4372 radium
1397 4287 1492 4387 GK,
1503 4287 1582 4374 srve
1594 4306 1640 4372 ut
1651 4277 1790 4376 vasli*
1778 4273 2002 4409 ᾳῖᾗᾷ.

432 4405 490 4491 ad
520 4406 612 4489 SR.
680 4403 804 4491 Unde
831 4429 940 4500 cum,
975 4406 1016 4490 in
1055 4406 1368 4495 oscillationibus
1407 4413 1685 4526 inaequalibus,
1724 4415 2001 4502 describantur

432 4529 658 4641 aequalibus
687 4526 938 4639 temporibus
970 4554 1085 4614 arcus
1121 4533 1539 4621 totisoscillationum
1574 4538 1744 4623 arcubus
1771 4544 2001 4652 proportio·

436 4658 572 4753 nalem
607 4652 819 4752 habentur,
854 4681 905 4738 ex
933 4654 1037 4740 datis
1071 4661 1338 4772 temporibus,
1375 4659 1418 4745 &
1447 4663 1684 4748 velocitates
1711 4662 1755 4747 &
1781 4693 1897 4752 arcus
1929 4668 2002 4754 de·

429 4777 572 4922 scripti
589 4782 631 4872 in
651 4781 966 4870 oscillationibur
981 4783 1184 4875 usdrersn'.
1237 4789 1344 4902 Qun
1358 4811 1472 4880 errnt
1487 4794 1622 4907 primo
1639 4791 1897 4882 invenienda.

1873 5050 1997 5143 Oscis·
2135 5035 2136 5104 ἶ
