4336 5656
347 126 354 144 '
426 177 827 280 puluerem
874 175 1471 285 murmurarint.
1683 219 1747 318 73

4 417 15 474 Η
167 349 241 444 Et
259 353 374 442 smili
398 375 641 466 argumento
661 352 899 465 probabitur
921 352 1001 438 eise
1027 355 1074 438 K
1088 355 1139 438 D
1160 355 1211 440 ad
1232 355 1324 440 SD
1346 359 1387 442 in
1413 356 1557 442 eadem
1577 355 1746 444 ratione.
1804 364 1929 426 hm

2 516 10 538 ·
165 481 326 590 jacent
346 503 446 588 ergo
477 479 623 592 puntia
643 479 697 576 B,
725 480 771 577 C,
797 481 849 562 ‘D
866 480 905 564 in
927 479 1021 563 coni
1046 477 1222 564 sedione
1242 483 1351 564 eirca
1381 482 1621 570 umbilicum
1642 484 1747 568 Sita
1791 443 1956 506 9⁸⁸⁰*

3 675 13 718 s
172 608 400 718 descripta,
428 630 473 692 ut
492 604 611 692 redite
631 633 787 702 omnes,
804 608 853 691 ab
875 606 1071 691 umbilico
1099 606 1196 689 Sad
1225 607 1372 716 singula
1399 608 1579 692 tedtionis
1604 611 1751 720 pontia

171 731 332 830 duuae,
359 732 434 817 fint
452 733 503 816 ad
527 730 818 842 perpendicula
844 731 1042 842 apundiis
1072 729 1214 816 iisdem
1243 732 1293 816 ad
1321 731 1472 816 restam
1494 733 1533 816 G
1546 735 1591 816 F
1605 733 1751 820 demis-

169 861 216 945 sa
240 861 284 946 in
304 860 397 945 data
415 861 479 943 illa
499 861 665 944 tatione.

236 984 450 1068 Methodo
490 981 597 1068 haud
636 985 808 1068 multum
839 980 1016 1067 diffimili
1058 983 1173 1092 hujus
1206 983 1467 1094 problematis
1506 982 1750 1070 solutionem

3 1213 4 1216 p
170 1111 309 1196 tradit
330 1110 563 1196 clariffimus
591 1133 803 1221 geometra
830 1111 934 1192 dela
953 1107 1073 1207 Hire,
1100 1110 1341 1196 conicorum
1361 1111 1525 1198 suorum
1547 1109 1615 1194 lib.
1637 1137 1750 1196 v111·

169 1261 301 1349 prop.
319 1263 413 1324 xxv.

699 1370 1103 1466 SECTIO
1173 1367 1240 1469 V.

328 1667 332 1676 .
423 1538 620 1642 Iuventio
646 1539 811 1638 orbium
839 1537 913 1637 ubi
935 1535 1160 1638 umbilicus
1183 1565 1335 1638 neuter
1357 1535 1504 1638 datur.

652 1789 1029 1886 LEMMA
1101 1788 1256 1888 xV11.

171 1958 287 2061 Sia
320 1959 435 2058 datae
459 1956 612 2056 conicae
634 1953 838 2080 urbanis
864 1945 1026 2088 pundo
1055 1952 1206 2089 quovis
1246 1961 1280 2053 P
1318 1955 1384 2052 ad
1416 1953 1619 2094 trapezii
1660 1949 1748 2052 ali·

253 2119 369 2246 cujus
404 2119 548 2211 ABD
563 2119 621 2234 C,
658 2111 706 2207 in
728 2110 876 2208 conica
902 2109 984 2208 illa
994 2109 1187 2232 sedlioue
1209 2106 1425 2247 inscripti,
1463 2110 1608 2208 latera
1634 2145 1749 2244 qua·

255 2297 352 2366 tuor
380 2265 554 2396 infinite
577 2265 800 2406 produtia
822 2278 865 2364 A
885 2271 938 2389 B,
974 2271 1016 2362 C
1033 2272 1095 2388 D,
1132 2273 1176 2362 A
1193 2269 1251 2386 C,
1286 2269 1330 2363 D
1350 2270 1386 2360 B
1418 2263 1596 2363 totidem
1619 2261 1748 2361 reuae

252 2427 385 2548 PQ,
411 2429 519 2546 PR,
546 2429 635 2546 PS,
661 2425 758 2521 PT
792 2421 980 2520 indutis
1012 2417 1181 2554 ungulis
1213 2417 1445 2543 ducantur,
1477 2417 1664 2554 fingulae
1686 2415 1756 2516 ad

232 2579 419 2712 stragula
500 2577 803 2711 retlaugulum
852 2575 1085 2676 dudurum
1137 2571 1204 2671 uu'
1238 2573 1430 2713 opprſstu
1474 2573 1555 2671 duo
1598 2574 1761 2672 lutera·

254 2735 398 2858 PQx
415 2740 523 2856 PR,
561 2731 646 2830 erit
678 2726 746 2828 ad
771 2728 1073 2867 reiiaugulum
1106 2723 1341 2827 dubiarum
1369 2727 1437 2826 ad
1454 2727 1548 2826 aliu
1572 2727 1654 2828 duo
1677 2727 1700 2827 l
1725 2781 1749 2801 ·

251 2915 352 2986 tera
376 2915 568 3024 apporta
591 2895 708 2995 PSx
725 2892 820 2986 PT
842 2888 890 2986 iu
911 2887 1021 2986 duta
1044 2883 1228 2984 ratione.

236 3119 331 3230 Caſs
351 3147 384 3203 1.
412 3117 614 3203 Ponamus
641 3118 778 3229 primo
802 3121 923 3206 lineas
943 3119 994 3206 ad
1021 3117 1204 3230 opposita
1233 3115 1354 3200 latera
1377 3114 1514 3201 dubias
1546 3117 1750 3228 parallelas

1 3279 2 3286 ¹
173 3241 265 3330 esse
295 3245 477 3329 alterutri
507 3243 758 3354 reliquorum
783 3245 968 3342 laterum,
996 3265 1092 3356 puta
1122 3238 1291 3356 Pu&
1317 3239 1403 3322 PR
1429 3241 1543 3326 lateri
1574 3243 1620 3322 A
1634 3245 1677 3339 C,
1705 3240 1750 3324 dt

1 3374 3 3415 f
178 3373 274 3456 Pu
297 3398 343 3456 ac
371 3368 602 3456 PTlateti
634 3371 743 3452 AB.
808 3371 977 3484 Sintque
1010 3371 1170 3482 insuper
1203 3369 1324 3449 latera
1358 3365 1442 3448 duo
1465 3393 1519 3450 ex
1546 3366 1751 3477 oppositis,

174 3517 280 3609 puta
305 3496 398 3580 AC
417 3493 460 3578 dc
488 3496 601 3592 But,
628 3493 698 3579 stbi
717 3496 895 3580 invicem
915 3495 1107 3607 parallela.
1165 3485 1219 3573 Et
1240 3483 1361 3584 reeta,
1394 3515 1486 3601 quae
1517 3489 1663 3575 bisecat
1680 3514 1751 3602 pa·

176 3623 313 3707 rallela
331 3619 395 3703 illa
415 3621 552 3717 latera,
577 3618 654 3702 erit
680 3644 758 3706 una
777 3646 831 3706 ex
857 3621 1063 3707 diametris
1084 3617 1240 3706 conicae
1267 3609 1465 3715 sedionis,
1492 3612 1536 3698 81
1556 3615 1747 3704 bisecabit

177 3749 304 3834 etiam
336 3746 446 3864 RQ
501 3741 831 3853 SitOpundium
858 3745 1006 3859 inquo
1074 3765 1097 3822 t

179 3871 517 3989 RQbisecatur,
546 3867 589 3952 &
617 3871 696 3955 erit
724 3872 818 3955 Po
847 3873 1008 3958 ordina·
1062 3973 1066 3981 Ι

180 4002 258 4082 tim
291 3994 484 4104 applicata
517 3995 568 4077 ad
605 3993 849 4082 diametrum
885 3999 1004 4083 illam.
1059 4043 1353 4110 ὃ

180 4123 347 4208 Produc
367 4121 458 4204 PO
480 4118 529 4202 ad
551 4120 604 4217 K,
624 4139 668 4204 ut
696 4122 795 4208 stt-O
809 4123 855 4206 K
877 4149 1007 4238 aequa·

178 4255 226 4340 lis
249 4251 352 4348 Po,
380 4246 423 4331 u
443 4247 520 4332 erit
543 4247 634 4330 OK
648 4249 866 4334 ordinatim
884 4253 1005 4364 appli-

182 4399 271 4463 cata
303 4377 355 4462 ad
391 4375 610 4460 contrarias
644 4393 775 4486 partes
806 4375 1007 4464 diametri.

181 4505 289 4590 Cum
318 4507 442 4617 igitur
468 4503 616 4616 puritia
645 4508 699 4606 A,
733 4507 787 4606 B,
814 4509 858 4590 P
891 4509 934 4592 dt
963 4511 1013 4595 K

182 4627 257 4714 fint
283 4634 333 4717 ad
360 4635 547 4720 comeam
575 4631 810 4736 temonem,
838 4635 880 4721 δι
903 4641 945 4722 P
964 4637 1013 4724 K

179 4757 289 4846 secet
311 4763 405 4844 AB
431 4762 474 4847 in
499 4765 599 4849 dato
624 4769 787 4876 angulo,
815 4764 892 4852 erit
913 4772 1005 4879 (per
1039 4807 1096 4886 Α,

1 4929 3 5016 t
179 4913 295 5004 prop.
310 4915 373 4992 17,
392 4918 453 4999 19,
471 4917 519 4976 21
541 4891 586 4980 dt
603 4915 666 4994 23.
694 4895 762 4982 l-ib.
784 4919 867 4980 111.
892 4897 1005 4982 coni·
1033 4911 1036 4918 '
