4312 5652
437 283 534 414 ιρι
693 204 1220 385 tattosotutta
1266 279 1731 384 statunatrs

215 457 270 518 D·
288 453 407 519 arm
387 449 576 538 thernes
605 451 648 538 a
680 451 858 536 attraslae
886 477 964 536 con
965 449 1148 560 junsllrn,
1174 449 1217 536 id
1244 449 1314 551 est,
1341 469 1387 536 ut
1416 468 1611 538 contenta
1637 447 1707 535 sub
1734 445 1906 564 spheris
1931 474 2023 567 per

219 539 398 600 earnm
432 579 815 690 multiplicationem
842 573 1050 688 produsla.

490 705 614 788 Corol
638 737 673 812 4.
710 703 836 815 Inque
865 701 1058 786 distantiis
1082 701 1359 815 inaequalibus,
1385 722 1430 786 ut
1460 721 1655 786 contenta
1685 699 1748 783 illa
1769 697 1928 788 diresie
1964 703 2014 788 dc

432 829 627 942 quadrata
662 829 975 914 distantiarum
966 849 1071 913 mter
1092 849 1232 910 centra
1252 825 1419 910 inverse.

490 957 672 1059 Coras..5
706 951 866 1039 Eadem
893 954 1042 1050 valent,
1074 954 1144 1036 ubi
1173 947 1358 1034 attraslio
1390 951 1521 1036 oritur
1547 978 1569 1033 a
1595 949 1758 1058 sphaerae
1790 951 2012 1066 utriusque

302 1161 305 1167 .
432 1079 584 1163 virtute
613 1078 821 1162 attrasliva
850 1099 995 1160 mutuo
1025 1075 1205 1159 exercita
1231 1075 1273 1158 in
1299 1073 1491 1184 splraeram
1528 1075 1706 1157 alteram.
1779 1074 1885 1158 Nam
1906 1079 2006 1161 viri·
2131 1093 2132 1154 l

432 1199 507 1286 bus
530 1201 721 1286 ambabus
742 1201 969 1308 geminatur
996 1195 1195 1294 attractio,
1222 1199 1491 1308 proportione
1511 1196 1675 1282 servata.

488 1329 612 1411 Coras.
635 1335 670 1410 6.
705 1326 747 1412 Si
774 1323 1000 1434 hujusmodi
1029 1323 1193 1433 spltaerae
1218 1323 1361 1436 alique
1388 1325 1496 1407 circa
1528 1325 1619 1406 alias
1653 1323 1908 1436 quiescentes
1938 1356 2001 1411 re·

432 1454 662 1552 volvantur,
689 1453 852 1562 fingulae
883 1454 991 1534 circa
1016 1449 1206 1558 singulasr
1239 1448 1394 1560 fiatque
1427 1448 1624 1532 dillanriae
1647 1450 1752 1536 inter
1778 1475 1919 1536 centra
1943 1482 2001 1536 re·

432 1580 687 1664 volventium
712 1571 1072 1690 &quiescentium
1100 1571 1423 1682 proportionales
1445 1570 1742 1684 quiescentium
1766 1569 2003 1674 diametris;

344 1769 346 1772 ψ
434 1703 601 1815 aequalia
626 1723 746 1788 erunt
774 1718 961 1812 tempora
987 1695 1210 1809 periodica.

491 1832 615 1916 Caras.
629 1857 663 1932 7.
692 1827 747 1913 Et
766 1822 952 1922 vicissim,
980 1821 1214 1932 srtempora
1240 1819 1451 1933 periodica
1469 1819 1559 1907 sunt
1578 1821 1775 1934 aequalina
1801 1823 2001 1914 distantia

433 1974 554 2044 erunt
574 1951 900 2066 proportionales
922 1945 1140 2032 diametris.

492 2081 622 2162 Coros.
652 2079 686 2160 8.
722 2073 881 2162 Eadem
907 2071 1056 2182 omnia,
1091 2095 1183 2185 quae
1209 2069 1388 2182 superius
1416 2070 1470 2155 de
1499 2091 1616 2154 motu
1645 2096 1873 2182 corporum
1891 2075 1999 2161 circa

434 2203 652 2290 umbilicos
690 2201 928 2285 conicarum
958 2195 1183 2280 sessionum
1218 2193 1489 2279 demonstrata
1523 2192 1626 2290 sunt,
1668 2195 1891 2292 obtinentr
1933 2201 1998 2284 ubi

433 2331 585 2442 splraera
613 2325 830 2422 attrahens,
856 2320 998 2406 formae
1027 2317 1071 2404 dc
1100 2317 1348 2404 conditionis
1378 2315 1549 2426 cujusvis
1571 2316 1653 2426 jam
1685 2316 1915 2430 descriptae,
1942 2325 1998 2406 lo·

434 2449 834 2538 caturinumbilico.
1067 2527 1073 2540 ,

491 2578 617 2664 Corol.
632 2605 670 2686 9.
706 2571 825 2658 Ut&
850 2568 923 2653 ubi
950 2567 1131 2680 gyrantia
1157 2564 1247 2654 sunt
1280 2564 1404 2652 etiam
1424 2564 1589 2680 sphaerae
1611 2566 1874 2668 attrahentes,
1900 2597 1996 2657 con·

434 2705 607 2794 ditionis
618 2698 789 2812 cujusvis
800 2696 884 2808 jam
902 2691 1125 2805 descripte.

435 2909 902 3030 enorostmo
951 2921 1199 3022 Lxxvn.
1275 2875 1705 3020 Tneonsstn
1747 2887 1996 3026 xxxva

433 3119 485 3230 Si
502 3117 571 3216 aas
573 3109 755 3249 stagna
772 3108 1056 3248 sphaerarum
1076 3100 1249 3241 pnnssa
1277 3105 1526 3203 tendant
1480 3143 1595 3206 atres
1623 3103 1867 3242 centripetae
1882 3134 1998 3240 pra·

424 3295 430 3312 '
496 3297 603 3413 part
604 3267 705 3368 iana
707 3264 835 3365 lest
707 3259 1034 3394 ldr'ssantiis
1018 3285 1074 3399 pt
1060 3253 1287 3356 tranferam
1311 3297 1341 3355 a
1359 3259 1602 3396 corparrbns
1630 3285 1697 3356 att
1681 3253 1861 3356 tressis:
1903 3256 1998 3353 dica

419 3412 429 3546 ζ
504 3421 693 3566 quad.
645 3462 710 3524 aas
741 3448 886 3588 tarnpa
905 3425 985 3541 tta,
1025 3451 1116 3550 qna
1128 3414 1316 3550 sphaerae
1339 3413 1433 3514 dna
1454 3417 1508 3537 se
1529 3452 1591 3512 mr
1577 3441 1676 3511 artua
1703 3411 1902 3536 trahent,
1938 3410 1997 3508 eli

422 3669 426 3680 .
505 3613 554 3682 at
575 3574 833 3679 distantia
818 3600 935 3671 anter
956 3597 1108 3669 centra
1120 3571 1416 3705 sphaerarum.

491 3824 629 3930 Cast.
664 3809 1148 3920 SitAEBFsphaera3
1179 3807 1212 3888 S
1377 3865 1603 3926 ΟΛ

421 3971 624 4038 centrum
647 3941 762 4050 ejus;
787 3933 1209 4046 Pcorpusculumat·
1360 3921 1400 4001 l

435 4074 620 4169 stastum,
649 4067 776 4154 PAS
784 4063 823 4146 B
849 4091 931 4148 axis
953 4063 1118 4175 sphaerae
1137 4089 1208 4172 per
1275 3970 1358 4275 β
1576 3953 1733 4224 N

434 4220 765 4304 centrumcorpu
769 4189 862 4274 sculi
883 4189 1092 4287 tra·;ns1ens
1114 4187 1207 4286 EF,

434 4357 456 4406 e
460 4331 500 4432 f
511 4325 625 4434 plana
656 4319 755 4412 duo,
789 4314 932 4428 quibus
964 4313 1117 4424 spltaera
1150 4299 1293 4395 sest*
1297 4313 1486 4397 '‘t‘*

436 4469 564 4538 catur,
592 4443 687 4528 huic
707 4467 770 4524 aar
759 4436 1145 4550 perpendicularia,
1166 4433 1210 4518 dc

435 4559 1209 4678 hincindeaequaliterdillantiaacen·
1275 4315 1972 4768 &y

435 4721 506 4784 tro
536 4696 726 4806 sphaerae;
770 4693 822 4789 G,
850 4718 879 4804 g
912 4685 1210 4774 interseotones
1355 4721 1389 4790 f
1614 4717 1639 4764 a

434 4825 645 4936 planorum
670 4818 712 4905 dc
739 4817 851 4911 axisa
881 4813 923 4900 da
942 4813 994 4895 Η
1010 4811 1204 4922 pandum
1231 4815 1407 4926 quodvis
1433 4817 1475 4902 in
1492 4819 1618 4928 plano·
1641 4817 1731 4902 EF.
1789 4817 1935 4906 Punsli
1955 4820 2010 4928 H

433 4949 492 5034 vis
519 4947 745 5057 centripeta
778 4943 820 5026 in
850 4937 1142 5048 corpusculum
1163 4939 1218 5031 P,
1253 4938 1481 5025 ,secundum
1498 4941 1654 5028 *lineam
1684 4941 1788 5027 PH
1805 4945 2001 5040 exercita,

1943 5069 2002 5152 est
