4338 5656
410 233 1450 343 rntucmrnntartmnrarton.
1633 273 1724 370 513

162 441 288 535 quam
320 412 552 526 superficies
585 406 735 507 nuclei,
775 404 928 492 deinde
962 405 1092 490 cauda
1124 405 1258 491 adhuc
1285 405 1400 488 altius
1438 401 1640 505 ascendat,
1667 408 1737 493 de·
1792 409 1918 471 Lm*

163 542 280 629 bebit
304 537 434 624 cauda
459 533 683 648 essequam
709 529 912 616 rarissima.
968 525 1025 614 Et
1060 531 1243 641 quamvis
1272 529 1327 614 ob
1353 531 1476 637 longe
1499 529 1734 619 crassiorem

166 687 425 754 cometarum
449 662 772 772 atmol'phaetam,
802 680 1072 770 magnamque
1092 680 1316 768 corporum
1340 655 1652 763 gravitationem
1671 658 1732 742 so·

162 791 248 876 lem
277 789 428 885 versus,
456 784 500 868 dc
527 785 839 893 gravitationem
867 780 1157 893 particularum
1190 780 1296 862 ae‘ris
1319 777 1363 860 δι
1391 803 1588 888 vaporum
1620 781 1661 866 in
1691 783 1732 868 se

167 937 329 1012 mutuo,
351 915 445 998 sieri
464 909 587 1026 poffit
604 931 651 994 ut
670 917 736 994 adr
756 912 798 993 in
816 906 948 1017 spatiis
967 904 1200 989 coelellibus
1219 905 1345 1014 inque
1366 925 1622 990 cometarum
1643 935 1735 992 cau·

167 1042 230 1126 dis
250 1066 333 1126 non
352 1038 458 1123 adeo
478 1035 678 1133 rarescat;
697 1033 962 1147 perexiguam
983 1049 1119 1115 tamen
1138 1027 1408 1141 quantitatem
1427 1029 1528 1113 aeris
1548 1029 1591 1114 dr
1610 1057 1733 1143 vapo·

163 1195 259 1256 rum
284 1169 336 1254 ad
362 1171 499 1253 omnia
522 1167 589 1251 illa
607 1163 830 1249 caudarum
856 1163 1124 1274 pbaenomcna
1149 1160 1311 1246 abunde
1336 1156 1538 1261 sufficere,
1582 1192 1636 1252 ex
1658 1169 1735 1258 bac

165 1293 476 1406 computatione
497 1291 756 1404 perspicuum
774 1288 842 1374 est.
878 1285 984 1370 Nam
1004 1284 1049 1370 &
1068 1285 1290 1372 caudarum
1309 1284 1471 1394 infignis
1489 1289 1628 1375 raritas
1648 1297 1733 1381 col·

167 1421 305 1529 ligitur
335 1445 388 1504 ex
406 1418 514 1502 astris
531 1441 605 1530 per
627 1442 693 1502 eas
719 1412 1069 1499 transsucentibus.
1123 1410 1404 1524 Atmosphaera
1425 1415 1621 1502 terrestris
1639 1419 1733 1507 luce

167 1543 259 1628 solis
278 1541 505 1654 splendens,
531 1537 792 1625 craffitudine
811 1535 877 1621 lua
898 1561 1124 1647 paucorum
1143 1535 1390 1636 milliarium,
1417 1535 1460 1622 δι
1478 1539 1579 1626 astra
1596 1544 1735 1630 omnia

169 1665 212 1750 u
235 1666 361 1777 ipsam
380 1667 517 1751 lunam
543 1661 730 1749 obscurat
755 1661 798 1744 δε
827 1661 1030 1771 extinguit
1057 1659 1240 1773 penitust
1279 1685 1353 1771 per
1378 1661 1614 1752 immensam
1634 1693 1735 1756 vero

168 1788 388 1873 caudarum
407 1783 726 1885 cralsrtudinem,
753 1785 845 1870 luce
866 1785 1016 1892 pariter
1034 1783 1149 1868 solati
1168 1783 1413 1882 illustratam,
1436 1784 1538 1872 astra
1567 1786 1735 1878 minima

166 1911 251 1997 fine
269 1911 458 1997 claritatis
477 1910 729 1997 detrimento
762 1905 1008 1992 transsucere
1035 1909 1269 1996 noscuntur.
1324 1909 1472 2020 Neque
1500 1911 1628 2021 major
1656 1915 1736 2002 elle

168 2037 269 2124 solet
287 2039 508 2124 caudarum
534 2038 798 2149 plurimarum
820 2032 1023 2144 splendor,
1049 2059 1175 2148 quam
1193 2033 1294 2120 aeris
1314 2033 1437 2120 nollti
1454 2038 1497 2120 in
1517 2037 1735 2126 tenebroso

166 2163 361 2250 cubiculo
381 2164 595 2270 latitudine
616 2161 736 2271 digiti
762 2157 881 2244 unius
901 2157 1131 2245 duorumve
1157 2161 1293 2244 lucem
1317 2158 1409 2243 solis
1428 2159 1473 2244 in
1494 2159 1641 2268 jubare
1666 2189 1733 2250 re·

166 2285 382 2374 fledentis.

224 2411 324 2524 Quo
347 2411 545 2522 temporis
563 2407 693 2520 spatio
710 2429 837 2518 vapor
856 2433 878 2490 a
901 2406 1035 2517 capite
1054 2406 1105 2490 ad
1126 2405 1347 2491 terminum
1369 2407 1511 2494 caudae
1537 2403 1734 2516 ascendit,

166 2539 363 2654 cognosci
382 2539 470 2626 fere
498 2539 630 2652 potell
649 2534 845 2623 ducendo
872 2531 1062 2621 redama
1083 2539 1262 2622 termino
1283 2537 1426 2622 caudae
1453 2541 1506 2627 ad
1522 2540 1664 2645 solem,
1690 2545 1736 2633 dc

167 2672 351 2758 notando
374 2673 512 2776 locum
537 2671 609 2756 ubi
627 2665 734 2755 resta
758 2669 823 2751 illa
848 2664 1116 2777 trajedtoriam
1144 2668 1262 2752 secat.
1317 2669 1423 2756 Nam
1444 2700 1571 2787 vapor
1590 2677 1633 2763 in
1652 2697 1734 2765 ter.

166 2797 282 2882 mino
301 2793 459 2894 caudae,
486 2791 514 2878 li
535 2791 643 2877 retia
665 2788 854 2876 ascendat
873 2819 895 2872 a
913 2789 1010 2889 sole,
1036 2792 1256 2878 ascendere
1280 2796 1412 2908 coepit
1435 2824 1456 2881 a
1475 2800 1624 2910 capite,
1645 2824 1731 2911 quo

165 2939 355 3032 tempore
373 2935 496 3028 caput
517 2933 604 3001 etat
623 2915 674 3001 in
690 2915 788 2999 loco
807 2911 1112 3000 intersedionis.
1140 2917 1199 2998 At
1219 2941 1346 3027 vapor
1366 2948 1451 3008 non
1470 2923 1578 3010 resia
1595 2925 1735 3013 ascen·

165 3048 229 3132 dit
256 3041 396 3137 alole,
421 3039 492 3123 sed
512 3055 673 3120 motum
701 3053 889 3130 cometae,
916 3061 1042 3148 quem
1060 3056 1154 3121 ante
1177 3036 1383 3126 ascensum
1406 3043 1523 3130 suum
1543 3045 1734 3146 habebat,

164 3162 399 3258 retinendo,
433 3159 476 3245 δι
494 3185 591 3246 cum
610 3175 729 3246 motu
746 3155 927 3242 ascensus
945 3158 1004 3245 sui
1024 3159 1205 3246 eundem
1223 3167 1532 3275 componendo,
1551 3170 1735 3259 aseendit

163 3293 347 3406 oblique.
392 3283 517 3372 Unde
535 3285 673 3370 verior
699 3281 777 3368 erit
801 3282 1063 3393 problematis
1080 3285 1241 3382 solutio,
1261 3309 1308 3373 ut
1330 3289 1438 3377 reda
1455 3293 1535 3394 illa,
1553 3317 1646 3410 quae
1667 3323 1732 3384 or-

163 3415 262 3500 bem
278 3413 400 3509 secat,
417 3401 603 3522 parallela
622 3391 669 3492 {st
686 3403 935 3514 longitudini
953 3407 1109 3508 caudae,
1125 3409 1192 3494 vel
1210 3411 1347 3520 potius
1365 3416 1441 3524 (ob
1459 3435 1622 3504 motum
1640 3443 1734 3508 cur.

163 3539 361 3624 vilineum
380 3537 575 3638 corneto)
603 3551 650 3616 ut
669 3531 816 3616 eadem
835 3556 859 3614 a
880 3529 986 3616 linea
1003 3531 1146 3618 caudae
1166 3535 1363 3648 divergat.
1410 3531 1512 3624 Hoc
1532 3542 1650 3652 pasto
1671 3547 1733 3634 in·

164 3664 259 3750 veni
272 3657 387 3774 quod
408 3683 549 3772 vapor,
568 3656 641 3771 qui
666 3675 752 3741 erat
771 3654 1014 3756 intermino
1032 3657 1175 3743 caudae
1198 3659 1299 3772 Jan.
1318 3687 1386 3764 25,
1405 3661 1624 3753 ascendere
1642 3693 1732 3756 coe·

160 3805 277 3902 perat
302 3813 327 3872 a
347 3784 481 3896 capite
506 3799 601 3868 ante
620 3779 726 3866 Dec.
750 3780 821 3879 rl,'
840 3781 1022 3894 ideoque
1049 3780 1210 3870 ascensu
1237 3785 1310 3871 suo
1333 3803 1426 3873 toto
1452 3787 1540 3876 dies
1569 3792 1658 3904 plus
1677 3821 1732 3903 45

162 3908 476 4021 consumpserat.
531 3908 591 3991 At
610 3906 739 3992 cauda
756 3905 822 3992 illa
843 3906 976 3992 omnis
993 3931 1087 4022 quae
1107 3907 1215 3994 Dec.
1235 3937 1284 3992 10
1302 3912 1501 4024 apparuit,
1539 3915 1731 4004 ascende·

162 4051 226 4119 rat
250 4032 377 4143 spatio
405 4030 565 4114 dierum
589 4029 753 4114 illorum
773 4029 967 4127 duorum,
992 4033 1065 4144 qui
1086 4061 1109 4116 a
1133 4048 1321 4146 tempore
1346 4037 1531 4148 perihelii
1551 4059 1729 4126 cornetae

161 4157 283 4270 elapsr
314 4155 485 4240 fuerant.
549 4149 691 4262 Vapot
725 4153 851 4259 igitur
882 4151 956 4238 sub
986 4153 1105 4242 initio
1138 4161 1181 4243 in
1208 4161 1357 4246 vicinia
1387 4163 1478 4249 solis
1514 4167 1730 4256 celerrime

161 4277 419 4374 ascendebat,
448 4276 493 4359 dt
521 4273 657 4385 postea
683 4299 780 4359 cum
804 4295 922 4362 motu
944 4303 1018 4390 per
1036 4284 1276 4391 gravitatem
1294 4283 1404 4371 suam
1425 4285 1584 4399 semper
1602 4307 1729 4376 retar-

162 4403 260 4488 dato
280 4399 497 4488 ascendere
523 4397 719 4510 pergebat
735 4430 748 4493 a
777 4395 822 4479 ἃ
840 4399 1100 4491 ascendendo
1118 4407 1292 4518 augebat
1310 4409 1614 4519 longitudinem
1633 4437 1728 4498 cau·

162 4525 250 4609 dae:
278 4523 408 4609 cauda
428 4540 580 4622 autem,
594 4520 792 4636 quamdiu
814 4527 1016 4635 apparuit,
1035 4555 1089 4615 ex
1103 4557 1253 4643 vapore
1268 4530 1356 4634 sere
1373 4535 1487 4620 omni
1507 4534 1728 4626 constabat,

162 4649 277 4760 quia
301 4665 490 4759 tempore
517 4649 702 4760 perihelii
723 4646 989 4751 ascenderat;
1020 4653 1063 4738 &
1085 4682 1228 4769 vapor,
1255 4649 1327 4772 qui
1352 4659 1506 4771 primus
1532 4659 1729 4754 ascendit,

164 4771 208 4856 &
229 4769 449 4856 terminum
469 4770 611 4857 caudae
628 4771 874 4883 composuit,
901 4801 985 4864 non
1005 4781 1116 4891 prius
1140 4787 1303 4872 evanuit
1328 4810 1450 4898 quam
1475 4785 1529 4870 ob
1557 4784 1727 4872 nimiam

161 4897 274 4984 suam
302 4911 387 4979 tam
411 4921 435 4979 a
459 4893 542 4982 sole
568 4895 787 4987 illustrante
807 4924 938 5110 quaqq
954 4903 1003 4990 ab
1024 4910 1153 4997 oculis
1175 4911 1320 4999 nostris
1340 4907 1568 5000 distantiam
1593 4912 1729 5123 qidfiqri

950 5053 1021 5118 uu
1623 5060 1648 5122 e
1695 5050 1727 5118 t.

1763 491 1960 560 Tettuur.
