4450 5674
898 228 1439 330 EDITORIS
1564 155 1568 164 Ι

397 393 651 504 mospbaeras‚
692 419 745 480 ex
778 409 920 481 natura
947 395 1037 494 sua,
1065 395 1173 484 cirea
1194 395 1321 482 solem
1341 395 1500 482 moveri
1519 393 1562 482 dr
1582 391 1776 478 sessiones
1794 390 1959 478 conicas
2089 415 2098 466 1

396 519 647 614 describere;
677 520 748 628 qui
767 517 858 603 sane
883 541 1018 604 motus
1045 522 1175 604 multo
1195 523 1348 605 facilius
1362 519 1526 630 concipi
1547 517 1693 631 potest,
1715 543 1838 630 quam
1860 542 1959 600 con·

396 641 529 725 srmilis
545 660 680 724 motus
701 641 905 725 vorticum
934 641 973 726 se
1003 643 1181 726 invicem
1200 642 1511 757 permeantium.
1567 641 1759 756 Denique
1783 640 1958 752 planetas

396 765 503 875 ipsos
524 763 566 848 &
589 782 770 848 cometas
799 767 907 849 circa
929 764 1056 850 solem
1076 764 1229 851 deferri
1248 767 1297 850 ab
1313 768 1592 880 atmosphaeris
1608 765 1686 850 suis
1704 762 1960 850 credendum

396 888 476 974 esse
503 891 664 985 statuat,
699 886 741 969 dr
766 887 821 972 ob
848 909 1027 1000 repertas
1065 911 1254 974 motuum
1284 891 1502 978 caelestium
1540 889 1674 974 causas
1706 887 1961 998 triumphum

294 1017 296 1024 “
397 1034 500 1122 agat.
557 1011 749 1124 Quisquis
781 1035 917 1096 autem
948 1015 1052 1098 hanc
1079 1015 1255 1099 fabulam
1282 1015 1546 1122 rejiciendam
1575 1009 1656 1098 else
1686 1032 1818 1124 putet,
1846 1013 1961 1097 idem

397 1140 441 1222 δι
469 1139 634 1220 alteram
665 1135 838 1220 fabulam
857 1136 1038 1244 rejiciet:
1069 1163 1162 1222 nant
1182 1163 1308 1222 ovum
1328 1166 1412 1224 non
1441 1140 1499 1225 est
1524 1135 1811 1236 ovo'fimilius,
1835 1159 1961 1248 quatu

397 1259 626 1374 hypothesis
652 1261 1012 1372 atmosphaerarum
1040 1262 1255 1376 hypothesr
1274 1266 1490 1350 vorticum.

452 1385 610 1472 Docuit
625 1383 832 1482 Galilaeus,
861 1385 1005 1494 lapidis
1020 1385 1190 1495 projesli
1212 1385 1258 1471 δε
1275 1387 1318 1471 in
1339 1390 1528 1500 parabola
1556 1388 1664 1472 moti
1683 1383 1964 1470 deflexionem

400 1510 560 1595 acursu
576 1503 786 1591 reslilineo
814 1506 912 1591 oriri
934 1535 955 1589 a
974 1507 1172 1612 gravitate
1198 1509 1342 1622 lapidis
1371 1511 1414 1596 in
1441 1531 1605 1608 terram,
1630 1508 1685 1594 ab
1711 1510 1874 1593 occulta
1891 1505 1964 1592 sci·

400 1638 497 1720 licet
520 1635 724 1747 qualitate.
781 1627 889 1715 Fieri
927 1650 1064 1716 tamen
1094 1635 1303 1754 potestant
1330 1636 1428 1720 allus
1455 1636 1615 1750 aliquis,
1637 1633 1721 1718 uasa
1746 1633 1961 1732 acutioris,

401 1760 664 1875 philosophus
683 1759 839 1843 causam
860 1757 976 1840 aliam
991 1761 1332 1846 comminiscatur.
1389 1759 1540 1874 Finges
1569 1760 1694 1872 igitur
1713 1761 1780 1844 ille
1803 1755 1967 1844 materi-

400 1911 465 1968 am
495 1883 698 1996 quandam
731 1879 933 1976 subtilem,
959 1906 1052 1992 quae
1072 1908 1149 1966 nec
1177 1881 1286 1980 visu,
1314 1910 1391 1969 nec
1414 1887 1535 1982 taslu,
1573 1909 1711 1996 neque
1734 1883 1822 1966 ullo
1854 1878 1967 1966 sensu

400 2007 643 2122 percipitur,
670 2002 817 2089 versari
833 2003 875 2088 in
894 2005 1127 2114 regionibus
1145 2032 1238 2120 quae
1256 2010 1452 2120 proxime
1471 2009 1717 2118 contingunt
1732 2007 1888 2092 telluris
1906 2004 1967 2090 su·

401 2129 625 2243 perficiem.
682 2124 806 2210 Hanc
825 2145 962 2210 autem
985 2129 1207 2226 materiam,
1238 2130 1281 2214 in
1308 2131 1483 2218 diversas
1506 2133 1651 2244 plagas,
1686 2129 1805 2214 variis
1824 2125 1867 2212 ἃ
1883 2129 1970 2240 ple·

400 2279 576 2365 rumque
591 2248 803 2334 contrariis
824 2248 1002 2336 motibus
1021 2249 1132 2349 ferri,
1160 2251 1337 2356 &lineas
1352 2253 1602 2366 *parabolicas
1621 2251 1854 2337 describere
1868 2275 1965 2344 con·

402 2378 558 2462 tendet.
623 2373 787 2458 Deinde
814 2401 914 2458 vero
943 2374 1087 2487 lapidis
1113 2375 1392 2464 deflexionem
1412 2378 1583 2492 pulchre
1614 2375 1666 2462 sic
1689 2374 1899 2490 expediet,
1926 2372 1970 2456 dc

402 2501 514 2610 vulgi
533 2497 715 2611 plausum
736 2495 972 2582 merebitur.
1021 2495 1161 2609 Lapis,
1188 2499 1361 2612 inquiet,
1390 2501 1433 2586 in
1454 2499 1587 2586 fluido
1617 2503 1687 2586 illo
1709 2499 1844 2586 subtili
1859 2517 1975 2584 natat

404 2627 448 2714 dc
474 2619 609 2730 cursui
631 2623 715 2732 ejus
733 2621 1016 2736 obsequendo,
1044 2627 1291 2736 nonpotell
1304 2651 1388 2711 non
1408 2623 1581 2712 eandem
1596 2654 1674 2711 una
1694 2623 1875 2710 semitam
1895 2622 1969 2708 de-

402 2753 589 2838 scribere.
645 2747 837 2836 Fluidum
854 2777 965 2833 vero
984 2769 1175 2834 movetur
1194 2753 1237 2836 in
1251 2752 1366 2835 lineis
1385 2751 1652 2862 parabolicis;
1672 2776 1773 2860 ergo
1792 2749 1971 2862 lapidem

404 2877 448 2961 in
467 2871 653 2984 parabola
681 2873 839 2955 moveri
866 2869 1025 2954 necesse
1062 2871 1131 2955 est.
1186 2874 1291 2984 Quis
1318 2900 1428 2958 nunc
1462 2901 1546 2960 non
1585 2875 1798 2963 mirabitur
1829 2871 1971 2958 acutis·
2038 2949 2043 2958 .

406 2999 552 3084 limum
583 2993 749 3099 hujusce
779 2993 1008 3104 philosophi
1028 2995 1254 3103 ingenium,
1290 3022 1344 3080 ex
1374 2999 1496 3082 causis
1514 2999 1773 3098 mechanicis,
1805 2999 1973 3084 materia

407 3120 562 3204 scilicet
579 3117 621 3201 δε
637 3137 768 3214 motu,
787 3119 1055 3227 phaenomena
1074 3137 1228 3203 naturae
1247 3120 1299 3203 ad
1321 3122 1433 3230 vulgi
1452 3121 1574 3206 etiam
1594 3144 1762 3236 captum
1782 3128 1974 3236 praeclare

408 3244 678 3333 deducentis?
709 3241 814 3352 Quis
834 3268 934 3326 vero
951 3269 1034 3327 non
1058 3242 1313 3328 subsannabit
1334 3249 1488 3330 bonum
1509 3248 1622 3335 illum
1650 3249 1874 3347 Galilaeum,
1902 3251 1975 3362 qui

407 3395 558 3480 magno
590 3368 801 3452 molimine
817 3368 1113 3452 mathematico
1132 3371 1343 3482 qualitates
1376 3373 1577 3470 occultas,
1602 3398 1627 3456 e
1648 3373 1941 3486 philosophias
1962 3431 1976 3446 ·

409 3496 541 3590 liciter
562 3492 755 3590 exclusas,
780 3493 920 3578 denuo
939 3520 1134 3579 revocare
1154 3493 1410 3582 sustinuerit?
1436 3495 1518 3581 Sed
1539 3496 1668 3610 pudet
1688 3498 1803 3608 nugis
1823 3498 1977 3586 diutius

409 3641 632 3703 immorart.

467 3741 634 3826 Summa
664 3739 724 3822 rei
754 3739 836 3823 hue
870 3744 1036 3829 tandem
1065 3743 1194 3830 redit:
1225 3767 1479 3834 cometarum
1508 3751 1650 3861 ingens
1672 3753 1729 3839 est
1761 3776 1977 3848 numerusr

413 3883 550 3952 motus
564 3886 708 3944 eorum
720 3861 810 3946 sunt
826 3863 980 3950 summe
999 3869 1216 3978 regulares,
1243 3869 1287 3956 ἃ
1309 3870 1468 3958 easdem
1487 3873 1595 3982 leges
1616 3901 1711 3960 cum
1727 3877 1980 3986 planetarum

414 3991 593 4076 motibus
612 3985 837 4072 observant.
867 3989 1096 4079 Moventur
1114 3994 1155 4080 in
1171 3996 1336 4083 orbibus
1351 3996 1519 4096 conicis,
1546 3999 1587 4083 hi
1609 4002 1726 4086 orbes
1750 3999 1838 4086 sunt
1863 3998 1982 4084 valde

332 4110 337 4121 '
411 4113 641 4199 admodum
662 4116 896 4198 eccentrici.
952 4113 1157 4203 Feruntur
1175 4121 1358 4233 undique
1378 4125 1420 4206 in
1447 4146 1589 4206 omnes
1620 4124 1816 4209 caelorum
1836 4145 1984 4236 partes,

413 4237 460 4321 .&
478 4241 730 4351 planetarum
749 4241 936 4348 regiones
950 4232 1157 4328 liberrime
1172 4246 1467 4358 pertranseunt,
1496 4244 1540 4328 &
1567 4245 1672 4358 saepe
1692 4269 1836 4332 contra
1852 4247 1984 4355 figno-

417 4387 510 4446 rum
536 4361 726 4446 ordinem
746 4363 957 4451 incedunt.
1014 4365 1123 4452 Haec
1155 4371 1423 4482 phaenomena
1450 4371 1667 4458 certissime
1690 4371 1984 4458 confirmantur

419 4510 473 4570 ex
493 4481 839 4572 observationibus
861 4487 1161 4575 astronomicis:
1200 4493 1242 4577 dr
1264 4519 1336 4604 per
1349 4497 1527 4579 vortices
1548 4519 1757 4610 nequeunt
1779 4491 1986 4606 explicari.

412 4607 521 4707 lmo,
550 4635 603 4697 ne
626 4611 797 4725 quidem
816 4641 910 4702 cum
930 4616 1155 4704 vorticibus
1176 4621 1431 4734 planetarum
1453 4622 1669 4710 consistere
1697 4621 1871 4739 possunt.
1899 4619 1986 4706 Co·

1781 4771 1985 4838 metarum

1526 4913 1531 4924 ·
1626 4879 1642 4940 a
