4336 5656
408 213 1445 318 raratctnrantaruttrarrca.
1641 249 1732 342 ιι,

129 413 312 503 corpus
331 389 451 486 aliud,
478 389 519 474 vi
544 389 674 500 aliqua
707 384 900 472 uniformi
928 384 1167 496 centripeta,
1195 386 1248 472 de
1268 389 1363 474 loco
1382 389 1425 468 ‘P
1451 383 1642 474 cadendo
1664 409 1730 470 ac·
1772 369 1938 515 ,21:2¹2

131 520 324 630 quirere
343 509 472 626 posset
493 513 535 596 in
561 509 640 598 Dr
677 511 806 622 fitque
832 511 919 596 haec
945 512 1003 596 vis
1028 510 1240 596 unilormis
1270 509 1321 596 ad
1354 508 1452 608 vim,
1478 539 1558 623 qua
1584 538 1734 623 corpus

131 644 340 752 primum
377 659 545 752 urgetur
572 637 614 719 in
642 636 681 732 1,
708 657 753 718 ut
777 635 1090 724 DRadDF.
1145 633 1294 746 Pergat
1319 657 1455 720 autem
1479 661 1628 747 corpus
1647 663 1736 721 ver·
1825 713 1829 722 ,

131 763 212 848 sus
238 765 302 857 ἐς
332 780 560 870 centroque
583 755 677 842 C&
707 757 919 842 intervallo
944 758 1011 839 Ck
1029 757 1279 844 describatur
1307 759 1481 844 circulus
1506 755 1561 842 ke
1590 785 1738 843 occur-

132 916 251 974 rens
274 887 395 973 resiae
419 887 523 968 Pu)
545 886 587 968 in
608 911 641 981 e,
668 881 710 965 dt
730 883 935 992 erigantur
953 909 1169 968 curvarum
1193 884 1285 964 BF
1281 913 1324 996 g,
1351 885 1463 980 abo,
1491 909 1598 966 acto
1621 883 1733 968 ordi·

134 1018 290 1102 natim
319 1013 529 1124 applicatae
549 1037 616 1122 eg,
637 1036 710 1104 eo,
726 1036 809 1091 eto.
865 1004 932 1092 Ex
952 1008 1049 1092 dato
1069 1009 1303 1118 reiiangulo
1321 1011 1530 1132 PDRQ
1558 1011 1733 1122 dataque

134 1144 252 1252 lege
285 1141 343 1224 vis
372 1136 610 1244 centripetae
627 1161 707 1246 qua
733 1159 881 1244 corpus
912 1135 1091 1243 primum
1123 1135 1310 1244 agitatur,
1337 1136 1456 1220 datur
1488 1163 1611 1222 curva
1629 1138 1734 1225 linea

139 1266 308 1382 BFg‚
358 1287 432 1373 per
472 1255 810 1343 construilionem
848 1257 1110 1368 problematis
1152 1287 1298 1358 xxv1t,
1338 1260 1381 1344 de
1418 1260 1502 1368 ejus
1535 1261 1662 1346 corol.
1701 1288 1733 1378 ¹.·

139 1389 330 1475 Deinde
351 1411 405 1470 ex
433 1385 533 1470 dato
556 1384 704 1490 angulo
725 1383 794 1468 CI
797 1383 844 1465 K
858 1383 978 1470 datur
996 1385 1212 1494 proportio
1232 1384 1482 1470 nascentium
1501 1383 1530 1466 Ι
1536 1385 1591 1482 Κ,
1620 1385 1666 1466 K
1673 1382 1733 1482 N,

144 1513 338 1608 deinde,
368 1536 442 1623 pet
473 1507 817 1594 constructionem
843 1509 960 1620 prob.
992 1537 1162 1595 xxvru.
1198 1511 1318 1596 datur
1343 1509 1542 1624 quantitas
1568 1513 1626 1624 Q,
1653 1538 1733 1596 una

142 1667 261 1727 cum
293 1637 426 1724 curvis
455 1635 567 1720 lineis
598 1633 709 1730 abo,
738 1659 872 1714 acto:
901 1632 1094 1747 ideoque,
1129 1635 1338 1744 completo
1368 1655 1555 1746 tempore
1586 1634 1733 1747 quovis

146 1766 333 1862 vae,
361 1761 481 1845 datur
512 1778 599 1841 tum
627 1757 811 1867 corporis
839 1755 1014 1842 altitudo
1042 1755 1102 1842 Ce
1130 1759 1195 1842 ve'l
1218 1758 1297 1854 Cb,
1324 1781 1412 1844 tum
1444 1785 1535 1844 area
1558 1757 1732 1859 Detur,

146 1892 287 2004 eique
317 1884 478 1996 aequalis
504 1883 635 1967 sector
652 1881 701 1963 X
705 1881 782 1986 Cy,
808 1879 1054 1994 angulosque
1082 1879 1191 1982 let,
1218 1881 1261 1968 dt
1287 1882 1401 1968 locus
1421 1883 1445 1966 k
1464 1884 1508 1968 in
1530 1907 1617 1997 quo
1641 1906 1736 1988 cur·¹

147 2041 238 2129 pus
259 2035 358 2098 tunc
378 2009 610 2094 versabitur.
666 2005 787 2123 QE.
803 2007 838 2090 I.

218 2137 497 2249 Supponimus
521 2153 657 2218 autem
687 2133 730 2216 in
761 2132 821 2216 his
842 2131 1184 2244 propositionibus
1211 2133 1294 2220 vim
1322 2129 1591 2244 centrip'etam
1609 2125 1653 2220 in
1671 2159 1736 2218 te·

153 2261 276 2352 celin
296 2261 468 2378 quidem
498 2287 520 2345 a
546 2278 691 2344 centro
712 2259 855 2344 variari
883 2259 1108 2346 secundum
1129 2260 1262 2371 legem
1279 2286 1582 2375 quamcunque,
1608 2277 1734 2374 quarn

154 2392 257 2508 quis
283 2384 493 2500 imaginari
528 2383 675 2496 potest,
711 2386 756 2470 in
787 2385 1006 2498 aequalibus
1038 2406 1229 2471 autema
1262 2405 1407 2472 centro
1431 2386 1623 2472 dillantiis
1652 2373 1734 2473 esse

154 2513 351 2626 undique
387 2510 570 2596 eandem.
634 2510 778 2623 Atque
813 2510 1004 2597 hasienus
1045 2533 1207 2598 motum
1245 2538 1468 2624 corporum
1496 2513 1540 2598 in
1567 2511 1735 2597 orbibus

155 2636 443 2730 immobilibus
470 2635 822 2722 consideravimus.
878 2635 1068 2750 Superest
1089 2661 1136 2724 ut
1161 2640 1214 2725 de
1237 2661 1353 2725 motu
1380 2664 1525 2724 eorum
1555 2638 1599 2723 in
1627 2630 1736 2724 orbi·

158 2768 257 2867 bus,
282 2765 354 2880 qui
375 2765 484 2850 circa
502 2781 691 2850 centrum
712 2763 860 2850 virium
875 2766 1159 2867 revolvuntur,
1184 2765 1418 2878 adjiciamus
1436 2789 1577 2880 pauca.

680 3055 707 3148 S
741 3056 776 3148 Ε
812 3055 855 3148 C
891 3049 944 3152 T
981 3055 1083 3150 10
1153 3057 1236 3153 IX.

162 3239 247 3339 De
270 3263 386 3336 motu
409 3265 636 3374 corporum
659 3233 707 3332 in
741 3231 907 3333 orbibus
939 3232 1180 3361 mobilibus,
1216 3229 1357 3372 deque
1379 3255 1497 3334 motu
1518 3231 1734 3371 apsidum.

273 3524 741 3633 PROPOSITIO
776 3534 945 3634 XLlll.
1020 3535 1439 3634 PROBLEMA
1475 3539 1636 3634 XXX.

165 3719 466 3856 Efficiendum
494 3720 620 3853 esiut
643 3750 792 3860 corpus
822 3720 871 3821 in
901 3719 1159 3856 trajeiboria
1193 3761 1456 3863 quocunqne
1488 3724 1606 3825 circa
1639 3761 1739 3826 cen-

239 3904 358 3974 trum
380 3869 547 3974 virium
569 3875 817 3976 revolvente
836 3875 1028 4016 perinde
1060 3877 1228 3979 moveri
1240 3881 1394 4018 poffit,
1431 3905 1567 4015 atque
1590 3909 1741 4018 corpus
1851 3875 1855 3883 ’

239 4027 370 4128 uliud
385 4027 434 4128 in
458 4025 611 4127 eudem
633 4027 890 4161 trajesioria
913 4032 1168 4167 quiescente.

223 4293 269 4384 ln
286 4297 387 4383 orbe
407 4293 452 4379 V
456 4293 546 4379 PK
568 4293 768 4406 positione
794 4295 896 4382 dato
923 4297 1157 4382 revolvatur
1183 4323 1331 4411 corpus
1352 4293 1396 4384 P
1415 4293 1627 4413 pergendo
1653 4330 1677 4388 a
1702 4295 1750 4388 V
1866 4309 1868 4312 ’

170 4425 304 4508 versus
337 4421 391 4504 K.
446 4421 489 4504 A
517 4440 663 4506 centro
691 4421 730 4506 C
755 4443 894 4532 agatur
921 4421 1079 4535 semper
1108 4424 1190 4534 Cp,
1218 4451 1312 4538 quae
1338 4425 1384 4510 stt
1404 4427 1476 4539 ipsr
1504 4427 1539 4511 C
1548 4428 1590 4510 P
1610 4455 1743 4546 aequa.

172 4545 231 4643 lis,
257 4547 529 4659 angulumque
559 4544 676 4656 VCp
702 4546 851 4654 angulo
880 4539 927 4628 V
931 4545 1018 4633 CP
1044 4550 1393 4660 proportionalem
1424 4542 1667 4650 constituam
1699 4541 1744 4640 dt

172 4695 276 4764 area,
301 4698 422 4784 quam
445 4673 550 4758 linea
574 4671 643 4782 Cp
669 4672 873 4772 describit,
897 4675 976 4760 erit
995 4673 1046 4760 ad
1075 4701 1209 4760 aream
1228 4669 1269 4756 V
1276 4675 1310 4762 C
1317 4675 1372 4776 P,
1390 4703 1515 4790 quam
1536 4670 1638 4764 linea
1658 4675 1744 4768 ΟΡ

172 4793 286 4880 simul
310 4795 514 4894 describit,
552 4818 599 4884 ut
631 4799 825 4885 velocitas
853 4801 971 4886 lineae
1003 4800 1269 4886 describentis
1303 4797 1374 4911 Cp
1401 4803 1452 4888 ad
1484 4795 1746 4890 velocitatem

170 4919 286 5010 tineae
305 4919 573 5033 describentis
588 4923 624 5013 C
635 4923 704 5025 P,
732 4924 814 5012 boc
834 4924 905 5024 est,
933 4946 978 5012 ut
998 4927 1164 5038 angulus
1183 4917 1310 5040 ch
1325 4925 1379 5014 ad
1396 4927 1590 5038 angulum
1609 4925 1749 5028 VCP,

825 5163 826 5168 .
873 5049 904 5136 8
1564 5053 1748 5170 ideoque
1818 5160 1820 5166 Α
