4450 5674
417 165 419 168 Ι
476 237 879 339 mmmmm
927 231 1529 336 MATHemntton
1722 275 1786 372 33

293 427 437 532 natim
459 426 737 566 applicentur
760 430 860 547 BD,
889 427 983 548 ΟΕ,
1009 458 1154 522 euroae
1177 448 1442 520 occurrentes
1464 419 1511 519 in
1535 425 1587 544 B,
1603 427 1660 546 C,
1685 421 1786 524 dein
1823 427 1973 572 pffissurs

283 581 456 728 puilia
479 591 532 708 B,
559 589 602 681 C
610 580 756 711 stmul
767 578 977 678 accedant
1001 577 1069 675 od
1077 576 1292 718 puniium
1318 591 1383 677 A:
1423 573 1515 674 dico
1535 576 1657 712 quod
1672 615 1789 679 arete
1977 551 1985 570 .

289 738 610 875 triangulorum
636 743 783 860 ABD,
821 739 944 832 ACE
967 760 1095 832 erunt
1111 731 1261 834 ultimo
1281 734 1348 832 nd
1365 731 1552 832 invicem
1573 731 1620 831 in
1643 731 1789 872 dipli-

292 925 395 998 cata
418 893 588 994 ratione
615 892 818 990 laterum.

4 653 12 726 i

276 1143 445 1233 Etenim
478 1144 577 1229 dum
609 1137 757 1254 puniit
785 1141 838 1239 Β,
866 1140 1126 1228 Caccedunt
1154 1137 1206 1222 ad
1234 1133 1429 1251 punilum
1452 1138 1508 1236 A,
1544 1138 1790 1250 intelligatur

221 1273 381 1386 semper
411 1271 512 1354 AD
545 1269 719 1380 produci
745 1267 797 1352 ad
826 1263 972 1376 puniit
1003 1267 1222 1376 longinqua
1249 1262 1339 1346 l&
1360 1291 1396 1361 e,
1423 1281 1468 1347 ut
1487 1262 1562 1347 smt
1586 1265 1687 1362 Ad,
1715 1270 1763 1349 A
1772 1293 1794 1347 e

223 1400 315 1513 ipsis
335 1399 383 1484 A
390 1400 455 1494 D,
484 1397 582 1478 AE
600 1395 940 1508 proportionales,
969 1392 1011 1474 δι
1040 1391 1246 1500 erigantur
1273 1387 1471 1474 ordinatae
1502 1389 1532 1472 d
1540 1389 1579 1487 b,
1606 1417 1656 1472 ec
1681 1391 1793 1476 ordi-

225 1530 326 1614 natis
346 1531 459 1628 DB,
487 1525 530 1607 E
539 1527 577 1611 C
597 1524 792 1632 parallelae
815 1545 907 1631 quae
932 1545 1075 1604 occur·
1111 1549 1133 1602 e

223 1678 313 1746 rant
331 1656 420 1769 ipsis
441 1651 548 1749 AB,
568 1655 616 1736 A
621 1651 658 1732 C
669 1647 878 1760 produiiis
899 1651 940 1734 in
957 1649 1078 1735 boec.

224 1787 335 1874 Duci
354 1784 611 1890 intelligatur,
635 1799 722 1862 tum
740 1804 866 1863 curva
886 1777 987 1860 Abc
1007 1778 1080 1890 ipst

225 1911 364 1998 ABG
376 1906 522 2002 fimilis,
545 1928 631 1987 tum
651 1903 759 1987 retia
781 1905 866 2016 Ag,
883 1928 975 2016 quae
995 1925 1078 1988 tan·
1112 1915 1134 1984 tl

224 2059 294 2151 gat
319 2059 483 2120 curvam
516 2051 730 2140 utramque
755 2031 798 2114 in
818 2033 873 2128 A,
908 2031 951 2112 δε
972 2031 1080 2116 secet

227 2164 446 2254 ordinatim
478 2157 691 2266 applicatas
721 2157 772 2237 D
785 2155 840 2251 B,
876 2155 917 2238 E
931 2157 974 2254 C,
1002 2161 1081 2259 db,
1109 2201 1137 2261 E
1261 2175 1273 2207 ¹

227 2293 337 2378 etin
356 2290 408 2386 F,
428 2285 480 2380 G,
492 2285 534 2386 fi
547 2311 589 2395 g.
645 2279 760 2366 Tum
781 2303 968 2368 manente
994 2285 1079 2369 lon·
1146 2228 1331 2391 ,Ι

226 2415 415 2530 gitudine
436 2413 506 2494 Ae
526 2427 672 2493 coeant
693 2407 838 2517 puniit
862 2409 916 2506 Β,
935 2409 1081 2496 Ccum
1116 2371 1140 2430 Β

226 2545 378 2662 pontio
404 2543 473 2636 A,
513 2534 555 2618 &
582 2534 730 2644 angulo
764 2535 852 2617 cA
859 2562 890 2646 g
925 2539 1081 2622 evanes-

227 2691 370 2770 cente,
410 2663 645 2752 coincident
695 2683 798 2744 areae
851 2665 1083 2750 curvilineae

230 2797 353 2893 Abd,
370 2795 467 2876 Ace
485 2812 580 2872 cum
594 2783 935 2890 restilineisAfd,
957 2791 1082 2901 Aget
1136 2847 1174 2914 A

230 2925 411 3032 ideoque
431 2917 522 3024 (per
538 2912 685 2993 lemma
704 2917 763 3022 v.)
788 2929 908 2994 erunt
926 2911 967 2996 in
994 2912 1199 3024 duplicate
1220 2917 1378 3002 ratione
1396 2913 1569 2998 laterum
1589 2909 1676 3010 Ad,
1691 2908 1797 2997 Ae:

229 3051 312 3134 Sed
344 3045 403 3130 his
432 3040 533 3125 areis
564 3037 887 3148 proportionales
913 3038 1070 3152 semper
1107 3045 1197 3130 sunt
1234 3069 1338 3131 areae
1365 3042 1455 3124 AB
1468 3043 1535 3139 D,
1562 3040 1612 3123 A
1619 3040 1657 3126 C
1667 3039 1723 3138 E,
1751 3039 1796 3124 δι

230 3177 291 3261 his
320 3169 509 3256 lateribus
527 3167 652 3250 latera
679 3165 800 3261 AD,
830 3166 939 3250 ΑΒ.
997 3165 1112 3280 Ergo
1142 3171 1186 3256 &
1204 3197 1308 3258 areae
1327 3173 1374 3255 A
1383 3171 1422 3252 Β
1435 3171 1502 3264 t),
1529 3170 1577 3252 A
1586 3167 1621 3254 C
1629 3167 1672 3252 E
1705 3166 1796 3256 sunt

229 3303 377 3385 ultimo
407 3298 450 3379 in
481 3293 870 3402 duplicataratione
891 3294 1062 3382 laterum
1081 3301 1198 3412 AD,
1228 3302 1275 3384 A
1284 3297 1337 3381 E.
1393 3295 1589 3411 Qffl).

753 3567 1131 3668 LEMMA
1203 3579 1264 3672 X.

53 3793 61 3808 ·
228 3763 394 3900 Spatia
418 3791 515 3893 quae
540 3781 689 3887 corpus
712 3783 892 3887 urgente
926 3796 1188 3893 quacunque
1210 3758 1258 3860 oi
1278 3757 1426 3892 finita
1449 3757 1669 3885 describit,
1692 3759 1796 3894 five

302 3910 470 4014 visilia
494 3906 789 4007 determinata
814 3910 876 4013 &⁹
898 3911 1182 4012 immutabilis
1222 3941 1272 4039 tt,
1302 3913 1397 4036 five
1423 3912 1577 4013 eadem
1599 3913 1795 4014 continuo

302 4093 515 4202 augeatur
540 4061 615 4160 vel
635 4061 829 4160 continuo
853 4063 1144 4194 diminuatur,
1169 4075 1278 4191 sunt
1311 4068 1399 4208 ipso
1434 4096 1571 4168 motus
1599 4069 1723 4169 initio
1743 4069 1795 4168 in

302 4221 528 4361 duplicata
552 4217 723 4317 tatione
743 4247 1003 4358 temporum.
1146 4279 1154 4299 ·

145 4445 151 4454 ’
286 4453 554 4568 Exponantur
582 4471 766 4561 tempora
798 4477 871 4563 per
890 4456 1010 4541 lineas
1032 4459 1145 4554 AD,
1178 4460 1226 4542 A
1234 4457 1288 4558 E,
1316 4459 1617 4547 &velocitates
1644 4461 1793 4574 genitae

232 4607 306 4691 per
325 4583 526 4666 ordinatas
546 4578 661 4675 DB,
683 4577 733 4660 ,E
744 4579 802 4678 C;
832 4577 875 4662 &
907 4581 1029 4692 spatia
1049 4585 1108 4670 his
1135 4587 1417 4672 velocitatibus
1435 4587 1647 4700 descripta,
1677 4611 1796 4678 erunt

234 4725 288 4842 tit·
307 4732 407 4845 ereae
424 4709 469 4788 A
478 4703 593 4800 BD,
623 4702 761 4785 ΑΘΒ
787 4703 846 4787 his
872 4704 1069 4793 ordinatis
1100 4709 1329 4822 descriptae,
1356 4711 1435 4796 hoc
1460 4711 1531 4810 est,
1557 4712 1642 4823 ipso
1661 4735 1820 4800 motus*

233 4849 352 5038 mttpp
375 4837 480 5039 ger
506 4831 652 4916 lemma
684 4835 759 4940 tx)
787 4829 829 4913 in
858 4829 1061 4940 duplicata
1086 4837 1242 4924 ratione
1268 4856 1502 4949 temporum
1534 4839 1580 4923 A
1590 4837 1654 4935 t),
1684 4841 1732 4923 A
1741 4839 1796 4926 E.

229 4955 288 5074 Q
427 5067 435 5072 ’
991 5077 1026 5164 F
1670 5085 1801 5178 Cortl.
