4450 5674
456 164 1510 290 entucmtnmnrttemnutcn.
1720 193 1786 294 ι,

575 507 1254 642 conontnntum
1326 495 1412 599 tv.

211 717 447 816 Commune
485 701 726 839 gravitatis
759 724 956 798 centrum
992 725 1218 834 corporum
1248 690 1432 790 duorum
1465 681 1543 826 vel
1560 675 1782 818 plurium,

284 867 343 968 nb
376 856 614 964 nefionibns
648 882 875 992 corporum
907 851 1023 950 inter
1044 855 1113 972 se,
1160 885 1244 948 non
1278 866 1421 942 mutat
1450 835 1625 1007 statum·
1648 840 1786 1008 strum

285 1023 363 1126 uel
390 1045 524 1118 motus
559 1010 634 1111 uel
653 1008 846 1146 qnieti53
896 1005 956 1113 &⁷
979 1033 1222 1146 propterea
1256 1029 1483 1139 corporum
1509 1030 1703 1093 omnium
1736 1028 1786 1090 m

276 1189 496 1308 se'mntno
521 1168 742 1304 agentium
773 1163 968 1303 (exclufis
1003 1161 1241 1264 uffionibus
1263 1157 1324 1264 &⁹
1356 1149 1677 1293 impedimentis
1709 1185 1786 1248 ex-

287 1327 439 1464 ternis)
477 1359 698 1426 commune
723 1347 919 1420 centrum
935 1317 1178 1454 gravitatis
1196 1317 1273 1420 vel
1285 1309 1465 1450 quiescit
1491 1309 1568 1412 vel
1587 1329 1784 1406 movetur

158 1535 163 1544 ·
287 1484 563 1621 uniformiter
596 1477 643 1578 in
666 1473 895 1576 direffum.

272 1758 379 1844 Nam
393 1745 575 1864 fipuntta
588 1748 675 1834 duo
694 1746 1009 1858 progrediantur
1023 1739 1218 1828 uniformi
1233 1765 1328 1828 cum
1342 1755 1460 1826 motu
1472 1739 1515 1823 in
1526 1735 1643 1822 lineis·
1654 1728 1790 1826 restis,

210 1887 264 1971 dc
290 1882 471 1970 distantia
493 1903 638 1962 eorum
664 1874 870 1961 dividatur
899 1875 941 1960 in
971 1871 1129 1956 ratione
1156 1867 1262 1967 data,
1290 1867 1486 1980 punflum
1511 1860 1699 1948 dividens
1721 1855 1790 1942 vel

181 2079 182 2083 κ
212 2011 390 2124 quiescit
410 2007 475 2091 vel
493 2000 754 2113 progreditur
769 1999 1028 2086 uniformiter
1043 1998 1085 2081 in
1103 1997 1206 2082 linea
1219 1993 1338 2080 retia.
1370 1991 1472 2078 Hoc
1485 1987 1621 2102 postea
1634 1986 1677 2074 in
1690 1986 1794 2072 lem·

214 2155 330 2222 mate
349 2159 477 2218 xiim
492 2127 655 2240 eJufque
670 2127 888 2210 corollario
904 2121 1217 2220 demonstratur,
1237 2121 1266 2204 fi
1285 2119 1529 2232 puniiorum
1545 2134 1682 2200 motus
1694 2111 1794 2200 fiant

213 2265 263 2348 in
276 2259 426 2347 eodem
440 2256 585 2366 plan03
606 2253 649 2336 &
667 2256 808 2338 eadem
826 2253 983 2337 ratione
997 2251 1262 2350 demonstrari
1277 2249 1423 2362 potest,
1442 2246 1620 2334 srmotus
1635 2246 1794 2334 illinon
1869 2301 1870 2304 κ

215 2389 317 2475 fiant
346 2387 390 2470 in
420 2381 570 2468 eodem
595 2382 726 2492 plano.
784 2376 898 2488 Ergo
917 2379 947 2464 fr
965 2404 1141 2492 corpora
1164 2395 1432 2491 quotcunque
1452 2394 1677 2462 moventur
1701 2374 1794 2462 uni·

214 2513 409 2600 formiter
427 2511 469 2594 in
497 2507 612 2592 lineis
638 2506 771 2604 redit,
799 2530 1020 2592 commune
1042 2525 1232 2591 centrum
1265 2505 1470 2615 gravitatis
1491 2503 1671 2590 duorum
1688 2527 1796 2616 quo·

216 2639 373 2727 rumvis
411 2638 475 2722 vel
514 2635 685 2747 quiescit
724 2635 790 2720 vel
828 2635 1092 2747 progreditur
1129 2633 1386 2718 uniformiter
1425 2627 1467 2718 in
1512 2634 1618 2719 linea
1651 2629 1794 2732 redu

218 2781 440 2876 propterea
458 2756 573 2870 quod
597 2759 716 2856 linet,
746 2759 894 2844 horum
914 2783 1137 2869 corporum
1161 2776 1301 2842 centra
1325 2758 1373 2884 in·
1393 2755 1511 2841 tediis
1533 2754 1796 2843 uniformiter

219 2885 528 3002 progredientia
550 2883 736 2992 jungent,
762 2883 962 2970 dividitur
983 2885 1033 2968 ab
1060 2884 1140 2970 hoc
1168 2903 1313 2969 centro
1340 2884 1547 2968 communi
1569 2883 1613 2968 in
1636 2883 1797 2970 ratione

217 3017 329 3100 data.
369 3011 561 3097 Similiter
585 3010 872 3098 &commune
896 3035 1084 3101 centrum
1104 3014 1251 3100 horum
1276 3012 1453 3100 duorum
1473 3011 1642 3100 &tertii
1664 3012 1798 3124 cujus-

220 3149 283 3224 vis
302 3141 367 3223 vel
388 3136 560 3250 quiescit
592 3138 654 3224 vel
684 3138 947 3249 progreditur
969 3139 1227 3225 uniformiter
1256 3136 1299 3220 in
1321 3139 1424 3224 linet
1456 3138 1591 3236 redu
1630 3159 1799 3251 propte·

221 3293 295 3350 rea
313 3267 426 3378 quod
447 3264 497 3348 ab
526 3293 577 3350 eo
607 3267 804 3348 dividitur
833 3266 1019 3350 distantia
1045 3267 1176 3352 centri
1201 3267 1672 3386 communisucorporum
1694 3268 1800 3353 duo·

222 3415 320 3476 rum
350 3385 553 3470 &centri
586 3389 771 3497 corporis
803 3390 914 3470 tertii
951 3391 992 3473 in
1031 3391 1124 3474 dota
1161 3391 1330 3475 ratione.
1390 3387 1555 3476 Eodem
1589 3389 1720 3476 modo
1753 3390 1799 3475 de

223 3539 450 3600 commune
478 3534 666 3600 centrum
693 3515 840 3598 horum
868 3517 992 3600 trium
1019 3515 1219 3629 &quarti
1247 3515 1415 3625 cujusvis
1445 3520 1508 3603 vel
1536 3519 1707 3631 quiescit
1732 3525 1800 3609 vel

224 3639 492 3754 progreditur
519 3639 779 3725 uniformiter
799 3642 842 3726 in
869 3641 973 3728 linea
1001 3641 1139 3740 refla3
1169 3666 1385 3755 propterea
1404 3646 1521 3757 quod
1544 3647 1594 3732 ab
1619 3675 1671 3736 eo
1693 3649 1800 3738 divi-

227 3771 342 3854 ditur
360 3767 544 3852 distantia
570 3768 678 3851 inter
704 3787 891 3853 centrum
913 3793 1135 3852 commune
1169 3769 1293 3854 trium
1323 3769 1365 3853 δε
1397 3791 1585 3860 centrum
1603 3779 1737 3886 quarti
1755 3779 1802 3869 itt

228 3893 324 3976 data
344 3892 513 3986 ratione,
541 3889 582 3972 de
606 3889 659 3974 frc
682 3891 723 3974 in
749 3889 963 3977 infinitum.
1009 3891 1136 4013 Igitur
1154 3895 1196 3978 in
1219 3894 1427 4004 systemate
1452 3923 1688 4009 corporum,
1706 3930 1801 4017 quae

230 4015 453 4101 aflinnibus
480 4019 520 4102 in
548 4018 586 4102 se
622 4020 798 4104 invicem
826 4022 989 4132 aliisque
1013 4021 1202 4106 omnibus
1227 4023 1270 4106 in
1298 4022 1338 4107 se
1364 4025 1611 4112 extrinsecus
1635 4031 1803 4144 impres·

230 4147 279 4228 fis
307 4145 475 4228 omnino
507 4166 664 4240 vacant,
702 4146 880 4258 ideoque
906 4169 1125 4232 moventur
1149 4148 1299 4257 singula
1328 4149 1589 4238 uniformiter
1612 4156 1655 4240 in
1682 4163 1802 4250 renis

231 4271 406 4381 singulis,
441 4295 662 4356 commune
689 4277 1088 4362 omnium.centrum
1120 4278 1324 4385 gravitatis
1347 4281 1412 4365 vel
1430 4280 1601 4393 quiescit
1627 4289 1693 4373 vel
1711 4315 1801 4376 mo·

231 4415 350 4478 vetur
370 4393 628 4478 uniformiter
658 4395 699 4479 in
719 4398 929 4483 direflum.

289 4517 422 4601 Porro
451 4519 492 4600 in
528 4517 736 4628 systemate
771 4523 948 4608 duorum
983 4550 1205 4636 corporum
1238 4530 1280 4612 in
1310 4527 1350 4612 se
1377 4530 1553 4619 invicem
1582 4538 1802 4643 agentium,

237 4667 331 4726 cum
353 4642 548 4728 distantiae
573 4667 809 4731 centrorum
827 4649 1036 4763 utriusque
1061 4683 1082 4734 a
1106 4655 1316 4738 communi
1339 4658 1543 4765 gravitatis
1561 4683 1705 4746 centro
1727 4663 1803 4751 fint

237 4769 449 4878 reciproce
470 4791 516 4852 ut
535 4797 737 4882 corpora;
768 4796 886 4859 erunt
907 4799 1042 4861 motus
1062 4780 1218 4865 relativi
1234 4806 1456 4891 corporum
1479 4788 1714 4882 eorundem,
1737 4791 1805 4875 vel

237 4894 463 4986 accedendi
488 4897 540 4983 nd
565 4917 754 4986 centrum
783 4901 883 4988 illud
903 4905 967 4989 vel
987 4905 1036 4987 ab
1068 4905 1218 4994 eodem
1241 4906 1478 5010 recedendi,
1505 4912 1677 5021 aequales
1696 4911 1805 4999 inter

646 5035 648 5042 ’
1000 5029 1043 5116 D
1074 5059 1099 5112 t
1749 5041 1806 5130 fe.
