4312 5652
445 267 539 366 188
703 269 1234 366 PHILOSOPHIAE
1279 261 1741 365 NATURALts
1862 277 1868 288 '

227 451 414 518 Motu
442 443 573 528 dusiis
612 441 841 528 describant
876 469 984 526 areas
1005 443 1269 554 -temporibus
1298 467 1421 556 quam
1453 443 1630 528 maxime
1657 443 2035 556 proportionales:

230 536 410 596 ΝΜ
445 589 565 653 erunt
585 593 816 678 corporum·
828 569 990 652 illorum
1011 569 1116 653 vires
1133 568 1324 654 absolutae
1346 567 1398 651 ad
1423 569 1618 670 invicem,
1645 591 1714 654 aut
1737 593 1928 656 accurate
1948 596 2033 658 aut

445 692 772 806 quamproxime,
801 692 842 776 in
875 693 1032 776 ratione
1064 717 1321 804 corporum;
1356 693 1400 778 dc
1432 712 1588 779 contra
1650 693 1768 780 Patet
1788 720 1862 807 per
1887 698 2025 782 corol.

445 843 563 932 prop.
580 841 750 902 uxvttt.
778 815 970 904 collatum
992 842 1089 902 cum
1116 809 1233 926 hujus
1259 817 1385 904 corol.
1410 841 1443 900 ι.

1114 1148 1347 1252 Scholium.

504 1395 585 1482 llis
616 1391 957 1508 propofitionibus
984 1393 1298 1482 manuducimur
1326 1391 1382 1478 ad'
1409 1391 1633 1502 analogiam
1657 1395 1764 1482 inter
1791 1399 1902 1483 uires
1924 1425 2019 1486 cen·-

447 1523 632 1635 tripetas,
657 1517 698 1602 dc
723 1543 899 1630 corpora
920 1523 1125 1619 centralia,
1153 1520 1204 1608 ad
1231 1545 1325 1632 quae
1362 1519 1466 1604 vires
1485 1519 1563 1604 illae
1590 1521 1712 1632 dirigi
1737 1525 1878 1610 solent.
1936 1526 2021 1612 Ra·

447 1643 550 1726 tioni
573 1642 682 1726 enim
705 1641 1023 1728 consentaneum
1054 1645 1128 1742 est,
1151 1663 1197 1728 ut
1225 1643 1344 1738 vires.
1374 1667 1467 1754 quae
1493 1641 1545 1726 ad
1571 1668 1747 1754 corpora
1772 1647 2023 1758 diriguntur,

446 1767 652 1878 pendeant
683 1765 732 1850 ab
760 1768 988 1854 eorundem
1016 1790 1159 1854 natura
1197 1766 1240 1852 δι
1273 1766 1514 1880 quantitate,
1550 1785 1598 1850 ut
1625 1767 1670 1852 lit
1698 1771 1742 1856 in
1767 1775 2020 1884 magneticis

446 1886 503 1978 Et
534 1894 696 2006 quoties
722 1891 955 2000 hujusmodi
985 1894 1095 1980 casus
1123 1893 1329 1992 incidunt,
1363 1891 1605 1980 aeslimand'ae
1641 1915 1761 1982 eruut
1794 1925 2019 2010 corporum

447 2019 728 2115 attradiones,.
747 2015 983 2128 assignando
1015 2017 1176 2128 fingatis
1201 2045 1347 2105 eorum
1379 2019 1587 2130 particulis
1613 2019 1720 2106 vires
1750 2027 1948 2136 proprias,
1976 2027 2017 2110 dc

445 2143 682 2252 colligendo
708 2141 879 2232 summas
904 2143 1065 2231 virium.
1108 2141 1273 2232 Vocem
1299 2139 1547 2230 attraslionis
1565 2143 1632 2230 hic
1651 2150 1897 2254 generaliter
1910 2152 2020 2240 usur·

445 2297 510 2387 po·
534 2267 611 2384 pro
639 2295 862 2382 corporum
889 2291 1042 2358 conatu
1071 2295 1323 2385 quocunque
1356 2268 1583 2354 accedendi
1618 2271 1901 2360 adinvicem:
1942 2279 2017 2366 five

445 2419 617 2483 conatus
649 2395 722 2482 iste
756 2395 825 2481 fiat
860 2395 910 2480 ab
949 2395 1107 2482 afflone
1138 2422 1377 2508 corporum,
1412 2397 1478 2480 vel
1519 2397 1560 2480 se
1597 2417 1744 2484 mutuo
1777 2405 2017 2512 petentium,

444 2523 511 2610 uel
537 2547 611 2634 per
638 2519 799 2632 spiritus
831 2515 990 2606 emissos
1018 2520 1058 2606 se
1090 2521 1268 2608 invicem
1295 2521 1566 2632 agitantium
1601 2521 1682 2610 five
1715 2527 1748 2610 is
1778 2529 1839 2614 ab¹
1863 2529 2017 2621 afflone

446 2649 622 2746 retheris,
661 2666 729 2732 aut
764 2646 879 2744 adtis,
913 2645 1093 2732 mediive
1113 2645 1389 2760 cujuscunque
1417 2647 1487 2732 seu
1517 2652 1708 2760 corporei
1733 2652 1811 2739 seu
1829 2655 2018 2774 incorpo-

445 2779 506 2864 rei
535 2773 689 2862 oriatur
723 2798 898 2886 corpora
930 2771 1152 2882 innatantia
1177 2773 1220 2860 in
1253 2773 1496 2862 seinvicem
1531 2794 1746 2892 utcunque
1766 2782 2018 2896 impellentis.

445 2899 613 2992 Eodem
639 2896 752 2984 sensu
789 2897 966 3006 generali
994 2897 1145 3009 usurpo
1176 2925 1324 2991 vocem
1351 2899 1555 3014 impulsus,
1582 2929 1671 2990 uon
1692 2905 1848 3018 species
1872 2915 2022 3002 virium

445 3029 489 3114 ἅν
516 3024 727 3142 qualitates
750 3017 940 3134 phystcas
972 3021 1041 3108 sed
1061 3027 1308 3136 quantitates
1335 3024 1378 3110 ἃ
1404 3029 2022 3140 proportionesmathematicas

445 3159 489 3242 i'n
507 3153 589 3239 hoc
617 3147 787 3235 traslatu
809 3149 1058 3261 expendens,
1085 3171 1131 3236 ut
1151 3153 1194 3238 in
1213 3151 1519 3241 definitionibus
1542 3159 1730 3268 explicui.
1782 3159 1825 3248 ln
1847 3167 2024 3254 mathefi

445 3275 734 3390 investiganda
768 3274 858 3362 sunt
886 3277 1033 3364 virium
1060 3281 1305 3394 quantitates
1333 3277 1376 3364 &
1401 3283 1577 3368 rationes
1600 3283 1693 3384 illa,
1727 3311 1817 3400 quaa
1842 3313 1900 3374 ex
1916 3315 2020 3378 con·

448 3407 671 3500 ditionibus
691 3405 1001 3520 quibuscunque
1026 3406 1164 3519 postris
1196 3407 1521 3522 consequentur:
1559 3407 1724 3508 deinde,
1755 3413 1827 3500 ubi
1853 3415 1897 3499 in
1920 3419 2020 3530 phy·

447 3534 877 3631 sacamdescenditur,
917 3535 1181 3622 conserendae
1219 3535 1308 3622 sunt
1339 3538 1401 3621 hae
1435 3539 1615 3624 rationes
1651 3565 1750 3626 cum
1784 3544 2016 3653 pbaenome

447 3665 536 3756 nis;
573 3681 620 3742 ut
647 3657 872 3744 innotescat
910 3685 1097 3770 quaenam
1127 3661 1276 3748 virium
1308 3663 1567 3750 conditiones
1599 3665 1759 3776 sangulis
1796 3697 2018 3782 corporum

449 3777 753 3870 attradivorum
792 3783 1008 3890 generibus
1045 3805 1293 3896 competant.
1368 3786 1423 3874 Et
1461 3811 1549 3876 tum
1583 3791 1753 3878 demum
1782 3793 1837 3880 de
1870 3799 2013 3882 virium

448 3907 672 4021 speciebus,
699 3907 821 3992 causis
843 3907 885 3992 ἃ
906 3911 1127 3994 rationibus
1149 3911 1320 4026 phyficis
1350 3920 1476 4004 tutius
1509 3919 1712 4031 disputate
1732 3921 1887 4006 licebit.
1944 3923 2013 4008 Vi·

450 4039 617 4124 deautus
642 4033 765 4142 igitur
795 4037 940 4148 quibus
962 4035 1112 4124 viribus
1140 4065 1314 4152 corpora
1344 4043 1547 4154 sphaerica,
1580 4074 1633 4132 ex
1657 4048 1863 4158 particulis
1886 4050 2026 4134 modo·

444 4165 526 4272 jum
559 4163 743 4274 exposito
773 4167 988 4250 artrallivis
1011 4169 1244 4270 constantia,
1273 4171 1449 4262 debeant
1477 4175 1518 4258 in
1544 4172 1598 4266 se.
1610 4196 1755 4267 mutuo
1784 4161 1906 4290 agere
1923 4213 1956 4274 ς,
1974 4176 2016 4260 aa

451 4293 586 4414 quales
608 4313 741 4382 motus
760 4294 857 4384 inde
882 4296 1188 4413 consequantur.
