<?xml version="1.0" encoding="UTF-8"?>
<!DOCTYPE html PUBLIC "-//W3C//DTD XHTML 1.0 Transitional//EN"
    "http://www.w3.org/TR/xhtml1/DTD/xhtml1-transitional.dtd">
<html xmlns="http://www.w3.org/1999/xhtml" xml:lang="en" lang="en">
 <head>
  <title>
</title>
<meta http-equiv="Content-Type" content="text/html;charset=utf-8" />
  <meta name='ocr-system' content='tesseract 3.04.00' />
  <meta name='ocr-capabilities' content='ocr_page ocr_carea ocr_par ocr_line ocrx_word'/>
</head>
<body>
  <div class='ocr_page' id='page_1' title='image "./philosophinatur00cotegoog_0067.png"; bbox 0 0 4450 5674; ppageno 0'>
   <div class='ocr_carea' id='block_1_1' title="bbox 435 165 1733 291">
    <p class='ocr_par' dir='ltr' id='par_1_1' title="bbox 435 165 1733 291">
     <span class='ocr_line' id='line_1_1' title="bbox 435 165 1733 291; baseline 0.013 -20"><span class='ocrx_word' id='word_1_1' title='bbox 435 165 502 272; x_wconf 79' lang='lat'><strong>26</strong></span> <span class='ocrx_word' id='word_1_2' title='bbox 694 173 1229 288; x_wconf 77' lang='lat' dir='ltr'>PHILOSOPHIAE</span> <span class='ocrx_word' id='word_1_3' title='bbox 1275 183 1733 291; x_wconf 82' lang='lat' dir='ltr'><strong>NATURALlS</strong></span> 
     </span>
    </p>
   </div>
   <div class='ocr_carea' id='block_1_2' title="bbox 205 340 2009 4895">
    <p class='ocr_par' dir='ltr' id='par_1_2' title="bbox 205 340 2009 1363">
     <span class='ocr_line' id='line_1_2' title="bbox 205 340 2009 496; baseline 0.006 -46"><span class='ocrx_word' id='word_1_4' title='bbox 205 340 422 496; x_wconf 48' lang='lat' dir='ltr'><strong>⁶¹}{3v31&#39;3l&#39;2b</strong></span> <span class='ocrx_word' id='word_1_5' title='bbox 445 365 687 480; x_wconf 83' lang='lat' dir='ltr'><strong>aequilibrio,</strong></span> <span class='ocrx_word' id='word_1_6' title='bbox 713 387 760 452; x_wconf 86' lang='lat' dir='ltr'><strong>ot</strong></span> <span class='ocrx_word' id='word_1_7' title='bbox 779 367 835 454; x_wconf 88' lang='lat' dir='ltr'><strong>ita</strong></span> <span class='ocrx_word' id='word_1_8' title='bbox 857 368 1005 467; x_wconf 86' lang='lat' dir='ltr'><strong>dicam,</strong></span> <span class='ocrx_word' id='word_1_9' title='bbox 1033 369 1307 481; x_wconf 89' lang='lat' dir='ltr'><strong>suspendetur,</strong></span> <span class='ocrx_word' id='word_1_10' title='bbox 1334 369 1594 487; x_wconf 85' lang='lat' dir='ltr'><strong>&amp;quiescet</strong></span> <span class='ocrx_word' id='word_1_11' title='bbox 1650 371 1746 459; x_wconf 87' lang='lat' dir='ltr'><strong>Pars</strong></span> <span class='ocrx_word' id='word_1_12' title='bbox 1772 389 1908 457; x_wconf 84' lang='lat' dir='ltr'><strong>autem</strong></span> <span class='ocrx_word' id='word_1_13' title='bbox 1931 399 2009 460; x_wconf 83' lang='lat' dir='ltr'><strong>cx·</strong></span> 
     </span>
     <span class='ocr_line' id='line_1_3' title="bbox 283 491 2007 612; baseline 0.005 -35"><span class='ocrx_word' id='word_1_14' title='bbox 283 491 288 503; x_wconf 82' lang='lat'>&#39;</span> <span class='ocrx_word' id='word_1_15' title='bbox 441 513 571 580; x_wconf 86' lang='lat' dir='ltr'><strong>trema</strong></span> <span class='ocrx_word' id='word_1_16' title='bbox 603 495 710 579; x_wconf 91' lang='lat' dir='ltr'><strong>HK</strong></span> <span class='ocrx_word' id='word_1_17' title='bbox 723 491 747 576; x_wconf 91' lang='lat'><em>1</em></span> <span class='ocrx_word' id='word_1_18' title='bbox 777 515 869 579; x_wconf 92' lang='lat' dir='ltr'><strong>toto</strong></span> <span class='ocrx_word' id='word_1_19' title='bbox 901 495 972 582; x_wconf 89' lang='lat' dir='ltr'><strong>suo</strong></span> <span class='ocrx_word' id='word_1_20' title='bbox 1005 497 1189 608; x_wconf 88' lang='lat' dir='ltr'><strong>pondere</strong></span> <span class='ocrx_word' id='word_1_21' title='bbox 1222 500 1431 584; x_wconf 86' lang='lat' dir='ltr'>incumbet</span> <span class='ocrx_word' id='word_1_22' title='bbox 1467 499 1511 585; x_wconf 89' lang='lat' dir='ltr'><strong>in</strong></span> <span class='ocrx_word' id='word_1_23' title='bbox 1546 516 1703 612; x_wconf 88' lang='lat' dir='ltr'><strong>partem</strong></span> <span class='ocrx_word' id='word_1_24' title='bbox 1729 497 1921 600; x_wconf 83' lang='lat' dir='ltr'><strong>mediam,</strong></span> <span class='ocrx_word' id='word_1_25' title='bbox 1957 499 2007 586; x_wconf 78' lang='lat' dir='ltr'><strong>dt</strong></span> 
     </span>
     <span class='ocr_line' id='line_1_4' title="bbox 438 621 1456 733; baseline 0.008 -29"><span class='ocrx_word' id='word_1_26' title='bbox 438 622 601 730; x_wconf 86' lang='lat' dir='ltr'>urgebit</span> <span class='ocrx_word' id='word_1_27' title='bbox 636 623 744 706; x_wconf 91' lang='lat' dir='ltr'><strong>illam</strong></span> <span class='ocrx_word' id='word_1_28' title='bbox 771 621 813 707; x_wconf 92' lang='lat' dir='ltr'><strong>in</strong></span> <span class='ocrx_word' id='word_1_29' title='bbox 846 643 1003 733; x_wconf 89' lang='lat' dir='ltr'><strong>partem</strong></span> <span class='ocrx_word' id='word_1_30' title='bbox 1034 623 1198 708; x_wconf 88' lang='lat' dir='ltr'><strong>alteram</strong></span> <span class='ocrx_word' id='word_1_31' title='bbox 1231 645 1456 712; x_wconf 87' lang='lat' dir='ltr'>extremam</span> 
     </span>
     <span class='ocr_line' id='line_1_5' title="bbox 437 727 1590 866; baseline 0.01 -38"><span class='ocrx_word' id='word_1_32' title='bbox 437 745 609 866; x_wconf 61' lang='lat' dir='ltr'><strong>eor,</strong></span> <span class='ocrx_word' id='word_1_33' title='bbox 639 750 815 862; x_wconf 77' lang='lat' dir='ltr'><strong>ideoque</strong></span> <span class='ocrx_word' id='word_1_34' title='bbox 846 750 903 833; x_wconf 83' lang='lat' dir='ltr'><strong>vrs</strong></span> <span class='ocrx_word' id='word_1_35' title='bbox 934 775 1013 862; x_wconf 74' lang='lat' dir='ltr'><strong>qua</strong></span> <span class='ocrx_word' id='word_1_36' title='bbox 1044 752 1217 860; x_wconf 72' lang='lat' dir='ltr'><strong>partium</strong></span> <span class='ocrx_word' id='word_1_37' title='bbox 1253 753 1385 837; x_wconf 77' lang='lat' dir='ltr'><strong>Hirr</strong></span> <span class='ocrx_word' id='word_1_38' title='bbox 1410 752 1455 838; x_wconf 66' lang='lat' dir='ltr'><strong>sc</strong></span> <span class='ocrx_word' id='word_1_39' title='bbox 1564 727 1590 780; x_wconf 53' lang='grc' dir='ltr'><strong>Β</strong></span> 
     </span>
     <span class='ocr_line' id='line_1_6' title="bbox 438 815 1577 1081; baseline 0.007 -123"><span class='ocrx_word' id='word_1_40' title='bbox 438 873 530 958; x_wconf 87' lang='lat' dir='ltr'><strong>EG</strong></span> <span class='ocrx_word' id='word_1_41' title='bbox 542 864 646 956; x_wconf 88' lang='lat' dir='ltr'><strong>KH</strong></span> <span class='ocrx_word' id='word_1_42' title='bbox 664 875 818 959; x_wconf 89' lang='lat' dir='ltr'><strong>summa</strong></span> <span class='ocrx_word' id='word_1_43' title='bbox 840 873 966 956; x_wconf 87' lang='lat' dir='ltr'><strong>EGI</strong></span> <span class='ocrx_word' id='word_1_44' title='bbox 983 877 1114 960; x_wconf 89' lang='lat' dir='ltr'><strong>tendit</strong></span> <span class='ocrx_word' id='word_1_45' title='bbox 1133 877 1267 963; x_wconf 90' lang='lat' dir='ltr'><strong>versus</strong></span> <span class='ocrx_word' id='word_1_46' title='bbox 1297 899 1454 991; x_wconf 87' lang='lat' dir='ltr'><strong>partem</strong></span> <span class='ocrx_word' id='word_1_47' title='bbox 1521 815 1577 1081; x_wconf 53' lang='lat' dir='ltr'><em>s</em></span> 
     </span>
     <span class='ocr_line' id='line_1_7' title="bbox 442 997 1510 1124; baseline 0.004 -40"><span class='ocrx_word' id='word_1_48' title='bbox 442 1000 604 1084; x_wconf 84' lang='lat' dir='ltr'>tertiam</span> <span class='ocrx_word' id='word_1_49' title='bbox 639 997 737 1082; x_wconf 87' lang='lat' dir='ltr'><strong>EG</strong></span> <span class='ocrx_word' id='word_1_50' title='bbox 759 997 809 1096; x_wconf 91' lang='lat' dir='ltr'><strong>F,</strong></span> <span class='ocrx_word' id='word_1_51' title='bbox 846 999 1007 1111; x_wconf 82' lang='lat' dir='ltr'><strong>aequalis</strong></span> <span class='ocrx_word' id='word_1_52' title='bbox 1033 1001 1089 1084; x_wconf 84' lang='lat' dir='ltr'><strong>esi</strong></span> <span class='ocrx_word' id='word_1_53' title='bbox 1125 1003 1297 1111; x_wconf 88' lang='lat' dir='ltr'>ponderi</span> <span class='ocrx_word' id='word_1_54' title='bbox 1333 1005 1456 1114; x_wconf 88' lang='lat' dir='ltr'><strong>partis</strong></span> <span class='ocrx_word' id='word_1_55' title='bbox 1489 1079 1510 1124; x_wconf 61' lang='lat' dir='ltr'>f</span> 
     </span>
     <span class='ocr_line' id='line_1_8' title="bbox 441 1093 1547 1328; baseline 0.005 -122"><span class='ocrx_word' id='word_1_56' title='bbox 441 1122 594 1221; x_wconf 82' lang='lat' dir='ltr'><strong>rrtrr,</strong></span> <span class='ocrx_word' id='word_1_57' title='bbox 621 1124 666 1207; x_wconf 76' lang='lat' dir='ltr'><strong>ru</strong></span> <span class='ocrx_word' id='word_1_58' title='bbox 695 1125 754 1209; x_wconf 81' lang='lat' dir='ltr'><strong>est</strong></span> <span class='ocrx_word' id='word_1_59' title='bbox 785 1125 956 1236; x_wconf 83' lang='lat' dir='ltr'><strong>ponderi</strong></span> <span class='ocrx_word' id='word_1_60' title='bbox 982 1126 1104 1236; x_wconf 74' lang='lat' dir='ltr'><strong>paros</strong></span> <span class='ocrx_word' id='word_1_61' title='bbox 1135 1130 1267 1211; x_wconf 72' lang='lat' dir='ltr'><strong>tertrae</strong></span> <span class='ocrx_word' id='word_1_62' title='bbox 1296 1127 1455 1214; x_wconf 72' lang='lat' dir='ltr'><strong>eos.</strong></span> <span class='ocrx_word' id='word_1_63' title='bbox 1519 1093 1547 1328; x_wconf 51' lang='lat' dir='ltr'><strong>q</strong></span> 
     </span>
     <span class='ocr_line' id='line_1_9' title="bbox 441 1245 1457 1363; baseline 0.003 -30"><span class='ocrx_word' id='word_1_64' title='bbox 441 1245 498 1333; x_wconf 91' lang='lat' dir='ltr'><strong>Et</strong></span> <span class='ocrx_word' id='word_1_65' title='bbox 516 1267 733 1361; x_wconf 90' lang='lat' dir='ltr'><strong>propterea</strong></span> <span class='ocrx_word' id='word_1_66' title='bbox 750 1252 933 1363; x_wconf 89' lang='lat' dir='ltr'><strong>pondera</strong></span> <span class='ocrx_word' id='word_1_67' title='bbox 946 1250 1121 1362; x_wconf 85' lang='lat' dir='ltr'><strong>partium</strong></span> <span class='ocrx_word' id='word_1_68' title='bbox 1142 1250 1313 1338; x_wconf 90' lang='lat' dir='ltr'><strong>duarum</strong></span> <span class='ocrx_word' id='word_1_69' title='bbox 1335 1253 1457 1349; x_wconf 88' lang='lat' dir='ltr'><strong>EGI,</strong></span> 
     </span>
    </p>

    <p class='ocr_par' dir='ltr' id='par_1_3' title="bbox 377 1329 2005 1867">
     <span class='ocr_line' id='line_1_10' title="bbox 377 1329 1935 1490; baseline 0.001 -32"><span class='ocrx_word' id='word_1_70' title='bbox 377 1363 382 1375; x_wconf 71' lang='grc'><em>’</em></span> <span class='ocrx_word' id='word_1_71' title='bbox 439 1374 484 1458; x_wconf 84' lang='lat' dir='ltr'><em>E</em></span> <span class='ocrx_word' id='word_1_72' title='bbox 493 1373 584 1456; x_wconf 91' lang='lat' dir='ltr'><strong>GF</strong></span> <span class='ocrx_word' id='word_1_73' title='bbox 608 1377 651 1460; x_wconf 92' lang='lat' dir='ltr'><strong>in</strong></span> <span class='ocrx_word' id='word_1_74' title='bbox 683 1373 723 1458; x_wconf 92' lang='lat' dir='ltr'><strong>se</strong></span> <span class='ocrx_word' id='word_1_75' title='bbox 748 1397 894 1459; x_wconf 89' lang='lat' dir='ltr'><strong>mutuo</strong></span> <span class='ocrx_word' id='word_1_76' title='bbox 921 1375 1010 1458; x_wconf 91' lang='lat' dir='ltr'><strong>sunt</strong></span> <span class='ocrx_word' id='word_1_77' title='bbox 1037 1377 1216 1490; x_wconf 80' lang='lat' dir='ltr'><strong>aequalia,</strong></span> <span class='ocrx_word' id='word_1_78' title='bbox 1252 1379 1313 1464; x_wconf 93' lang='lat' dir='ltr'><strong>uti</strong></span> <span class='ocrx_word' id='word_1_79' title='bbox 1342 1378 1453 1461; x_wconf 91' lang='lat' dir='ltr'><strong>volui</strong></span> <span class='ocrx_word' id='word_1_80' title='bbox 1547 1329 1583 1436; x_wconf 30' lang='lat' dir='ltr'><strong>b</strong></span> <span class='ocrx_word' id='word_1_81' title='bbox 1922 1479 1935 1488; x_wconf 40' lang='grc'><em>,</em></span> 
     </span>
     <span class='ocr_line' id='line_1_11' title="bbox 439 1471 1933 1614; baseline 0.003 -33"><span class='ocrx_word' id='word_1_82' title='bbox 439 1497 666 1583; x_wconf 85' lang='lat' dir='ltr'><strong>ostendere.</strong></span> <span class='ocrx_word' id='word_1_83' title='bbox 692 1495 748 1582; x_wconf 88' lang='lat' dir='ltr'><strong>Et</strong></span> <span class='ocrx_word' id='word_1_84' title='bbox 767 1499 837 1582; x_wconf 80' lang='lat' dir='ltr'><strong>nist</strong></span> <span class='ocrx_word' id='word_1_85' title='bbox 857 1496 1037 1609; x_wconf 85' lang='lat' dir='ltr'><strong>pondera</strong></span> <span class='ocrx_word' id='word_1_86' title='bbox 1047 1499 1109 1584; x_wconf 86' lang='lat' dir='ltr'><strong>illa</strong></span> <span class='ocrx_word' id='word_1_87' title='bbox 1131 1503 1295 1614; x_wconf 85' lang='lat' dir='ltr'><strong>aequalia</strong></span> <span class='ocrx_word' id='word_1_88' title='bbox 1316 1501 1455 1600; x_wconf 86' lang='lat' dir='ltr'><strong>essent,</strong></span> <span class='ocrx_word' id='word_1_89' title='bbox 1573 1471 1753 1586; x_wconf 33' lang='grc' dir='ltr'><strong>ΕΚ</strong></span> <span class='ocrx_word' id='word_1_90' title='bbox 1909 1479 1933 1527; x_wconf 63' lang='lat'><strong>¹⁸</strong></span> 
     </span>
     <span class='ocr_line' id='line_1_12' title="bbox 440 1625 2005 1746; baseline 0.013 -35"><span class='ocrx_word' id='word_1_91' title='bbox 440 1646 547 1711; x_wconf 88' lang='lat' dir='ltr'><strong>terra</strong></span> <span class='ocrx_word' id='word_1_92' title='bbox 576 1645 661 1711; x_wconf 93' lang='lat' dir='ltr'><strong>tota</strong></span> <span class='ocrx_word' id='word_1_93' title='bbox 687 1627 731 1712; x_wconf 86' lang='lat' dir='ltr'><strong>in</strong></span> <span class='ocrx_word' id='word_1_94' title='bbox 761 1627 891 1710; x_wconf 91' lang='lat' dir='ltr'><strong>libero</strong></span> <span class='ocrx_word' id='word_1_95' title='bbox 925 1625 1075 1711; x_wconf 85' lang='lat' dir='ltr'><strong>aethere</strong></span> <span class='ocrx_word' id='word_1_96' title='bbox 1104 1627 1264 1714; x_wconf 87' lang='lat' dir='ltr'><strong>fluitans</strong></span> <span class='ocrx_word' id='word_1_97' title='bbox 1290 1631 1465 1744; x_wconf 83' lang='lat' dir='ltr'><strong>ponderi</strong></span> <span class='ocrx_word' id='word_1_98' title='bbox 1492 1634 1634 1746; x_wconf 88' lang='lat' dir='ltr'><strong>majori</strong></span> <span class='ocrx_word' id='word_1_99' title='bbox 1667 1637 1856 1741; x_wconf 88' lang='lat' dir='ltr'><strong>cederet,</strong></span> <span class='ocrx_word' id='word_1_100' title='bbox 1890 1641 1934 1730; x_wconf 81' lang='lat' dir='ltr'><strong>dc</strong></span> <span class='ocrx_word' id='word_1_101' title='bbox 1951 1647 2005 1732; x_wconf 82' lang='lat' dir='ltr'><strong>ab</strong></span> 
     </span>
     <span class='ocr_line' id='line_1_13' title="bbox 438 1754 1168 1867; baseline -0.007 -24"><span class='ocrx_word' id='word_1_102' title='bbox 438 1783 491 1843; x_wconf 93' lang='lat' dir='ltr'><strong>eo</strong></span> <span class='ocrx_word' id='word_1_103' title='bbox 515 1755 715 1867; x_wconf 83' lang='lat' dir='ltr'><strong>fugiendo</strong></span> <span class='ocrx_word' id='word_1_104' title='bbox 741 1755 868 1838; x_wconf 89' lang='lat' dir='ltr'><strong>abiret</strong></span> <span class='ocrx_word' id='word_1_105' title='bbox 888 1754 930 1839; x_wconf 92' lang='lat' dir='ltr'><strong>in</strong></span> <span class='ocrx_word' id='word_1_106' title='bbox 954 1754 1168 1838; x_wconf 89' lang='lat' dir='ltr'><strong>infinitum.</strong></span> 
     </span>
    </p>

    <p class='ocr_par' dir='ltr' id='par_1_4' title="bbox 429 1879 2003 4895">
     <span class='ocr_line' id='line_1_14' title="bbox 494 1879 2000 2002; baseline 0.01 -35"><span class='ocrx_word' id='word_1_107' title='bbox 494 1881 553 1967; x_wconf 94' lang='lat' dir='ltr'><strong>Ut</strong></span> <span class='ocrx_word' id='word_1_108' title='bbox 585 1905 759 1990; x_wconf 90' lang='lat' dir='ltr'><strong>corpora</strong></span> <span class='ocrx_word' id='word_1_109' title='bbox 779 1879 819 1962; x_wconf 94' lang='lat' dir='ltr'><strong>in</strong></span> <span class='ocrx_word' id='word_1_110' title='bbox 848 1879 1048 1963; x_wconf 88' lang='lat' dir='ltr'><strong>concursu</strong></span> <span class='ocrx_word' id='word_1_111' title='bbox 1076 1879 1119 1962; x_wconf 79' lang='lat' dir='ltr'><strong>dc</strong></span> <span class='ocrx_word' id='word_1_112' title='bbox 1147 1880 1372 1969; x_wconf 78' lang='lat' dir='ltr'><strong>reflexione</strong></span> <span class='ocrx_word' id='word_1_113' title='bbox 1396 1885 1508 1970; x_wconf 88' lang='lat' dir='ltr'><strong>idem</strong></span> <span class='ocrx_word' id='word_1_114' title='bbox 1531 1887 1700 1996; x_wconf 88' lang='lat' dir='ltr'><strong>pollent,</strong></span> <span class='ocrx_word' id='word_1_115' title='bbox 1727 1915 1904 2002; x_wconf 86' lang='lat' dir='ltr'><strong>quorum</strong></span> <span class='ocrx_word' id='word_1_116' title='bbox 1931 1919 2000 1980; x_wconf 87' lang='lat' dir='ltr'><strong>ve-</strong></span> 
     </span>
     <span class='ocr_line' id='line_1_15' title="bbox 435 2003 1997 2114; baseline 0.006 -20"><span class='ocrx_word' id='word_1_117' title='bbox 435 2011 622 2095; x_wconf 88' lang='lat' dir='ltr'><strong>locitates</strong></span> <span class='ocrx_word' id='word_1_118' title='bbox 646 2005 736 2088; x_wconf 90' lang='lat' dir='ltr'><strong>sunt</strong></span> <span class='ocrx_word' id='word_1_119' title='bbox 760 2003 971 2114; x_wconf 86' lang='lat' dir='ltr'><strong>reciproce</strong></span> <span class='ocrx_word' id='word_1_120' title='bbox 997 2023 1042 2088; x_wconf 91' lang='lat' dir='ltr'><strong>ut</strong></span> <span class='ocrx_word' id='word_1_121' title='bbox 1062 2008 1166 2088; x_wconf 93' lang='lat' dir='ltr'><strong>vires</strong></span> <span class='ocrx_word' id='word_1_122' title='bbox 1195 2006 1345 2094; x_wconf 82' lang='lat' dir='ltr'><strong>insrtae:</strong></span> <span class='ocrx_word' id='word_1_123' title='bbox 1375 2009 1427 2092; x_wconf 88' lang='lat' dir='ltr'><strong>src</strong></span> <span class='ocrx_word' id='word_1_124' title='bbox 1451 2011 1492 2094; x_wconf 88' lang='lat' dir='ltr'><strong>in</strong></span> <span class='ocrx_word' id='word_1_125' title='bbox 1519 2014 1732 2097; x_wconf 89' lang='lat' dir='ltr'><strong>movendis</strong></span> <span class='ocrx_word' id='word_1_126' title='bbox 1763 2015 1997 2103; x_wconf 78' lang='lat' dir='ltr'><strong>instrumen-</strong></span> 
     </span>
     <span class='ocr_line' id='line_1_16' title="bbox 436 2131 1999 2244; baseline 0.005 -23"><span class='ocrx_word' id='word_1_127' title='bbox 436 2138 488 2221; x_wconf 88' lang='lat' dir='ltr'><strong>tis</strong></span> <span class='ocrx_word' id='word_1_128' title='bbox 516 2132 762 2221; x_wconf 87' lang='lat' dir='ltr'><strong>mechanicis</strong></span> <span class='ocrx_word' id='word_1_129' title='bbox 790 2131 947 2240; x_wconf 82' lang='lat' dir='ltr'><strong>agentia</strong></span> <span class='ocrx_word' id='word_1_130' title='bbox 977 2133 1088 2216; x_wconf 92' lang='lat' dir='ltr'><strong>idem</strong></span> <span class='ocrx_word' id='word_1_131' title='bbox 1115 2135 1269 2244; x_wconf 91' lang='lat' dir='ltr'><strong>pollent</strong></span> <span class='ocrx_word' id='word_1_132' title='bbox 1306 2135 1580 2221; x_wconf 85' lang='lat' dir='ltr'><strong>&amp;conatibus</strong></span> <span class='ocrx_word' id='word_1_133' title='bbox 1609 2141 1820 2224; x_wconf 81' lang='lat' dir='ltr'><strong>contrariis</strong></span> <span class='ocrx_word' id='word_1_134' title='bbox 1843 2143 1887 2226; x_wconf 92' lang='lat' dir='ltr'><strong>se</strong></span> <span class='ocrx_word' id='word_1_135' title='bbox 1911 2169 1999 2228; x_wconf 89' lang='lat' dir='ltr'><strong>mu-</strong></span> 
     </span>
     <span class='ocr_line' id='line_1_17' title="bbox 438 2260 1998 2376; baseline 0.006 -29"><span class='ocrx_word' id='word_1_136' title='bbox 438 2285 511 2349; x_wconf 84' lang='lat' dir='ltr'><strong>tuo</strong></span> <span class='ocrx_word' id='word_1_137' title='bbox 538 2265 744 2363; x_wconf 85' lang='lat' dir='ltr'><strong>sustinent,</strong></span> <span class='ocrx_word' id='word_1_138' title='bbox 771 2285 948 2376; x_wconf 90' lang='lat' dir='ltr'><strong>quorum</strong></span> <span class='ocrx_word' id='word_1_139' title='bbox 979 2261 1212 2346; x_wconf 87' lang='lat' dir='ltr'><strong>velocitates</strong></span> <span class='ocrx_word' id='word_1_140' title='bbox 1238 2260 1461 2346; x_wconf 89' lang='lat' dir='ltr'><strong>secundum</strong></span> <span class='ocrx_word' id='word_1_141' title='bbox 1489 2265 1873 2353; x_wconf 85' lang='lat' dir='ltr'><strong>determinationem</strong></span> <span class='ocrx_word' id='word_1_142' title='bbox 1903 2275 1998 2358; x_wconf 88' lang='lat' dir='ltr'><strong>viri-</strong></span> 
     </span>
     <span class='ocr_line' id='line_1_18' title="bbox 437 2387 2000 2505; baseline 0.003 -30"><span class='ocrx_word' id='word_1_143' title='bbox 437 2415 510 2475; x_wconf 83' lang='lat' dir='ltr'><strong>um</strong></span> <span class='ocrx_word' id='word_1_144' title='bbox 531 2392 749 2486; x_wconf 83' lang='lat' dir='ltr'><strong>aestimatae,</strong></span> <span class='ocrx_word' id='word_1_145' title='bbox 787 2391 877 2472; x_wconf 92' lang='lat' dir='ltr'><strong>sunt</strong></span> <span class='ocrx_word' id='word_1_146' title='bbox 909 2387 1120 2496; x_wconf 90' lang='lat' dir='ltr'><strong>reciproce</strong></span> <span class='ocrx_word' id='word_1_147' title='bbox 1155 2407 1200 2470; x_wconf 89' lang='lat' dir='ltr'><strong>ut</strong></span> <span class='ocrx_word' id='word_1_148' title='bbox 1237 2387 1353 2470; x_wconf 89' lang='lat' dir='ltr'><strong>vires.</strong></span> <span class='ocrx_word' id='word_1_149' title='bbox 1428 2387 1493 2471; x_wconf 91' lang='lat' dir='ltr'><strong>Sic</strong></span> <span class='ocrx_word' id='word_1_150' title='bbox 1519 2390 1704 2501; x_wconf 87' lang='lat' dir='ltr'><strong>pondera</strong></span> <span class='ocrx_word' id='word_1_151' title='bbox 1736 2395 2000 2505; x_wconf 79' lang='lat' dir='ltr'><strong>aequipollent</strong></span> 
     </span>
     <span class='ocr_line' id='line_1_19' title="bbox 437 2514 1998 2630; baseline 0.003 -27"><span class='ocrx_word' id='word_1_152' title='bbox 437 2519 489 2603; x_wconf 86' lang='lat' dir='ltr'><strong>ad</strong></span> <span class='ocrx_word' id='word_1_153' title='bbox 521 2519 723 2605; x_wconf 88' lang='lat' dir='ltr'><strong>movenda</strong></span> <span class='ocrx_word' id='word_1_154' title='bbox 751 2515 1062 2608; x_wconf 72' lang='lat' dir='ltr'><strong>brachialibus,</strong></span> <span class='ocrx_word' id='word_1_155' title='bbox 1100 2539 1193 2626; x_wconf 85' lang='lat' dir='ltr'><strong>quae</strong></span> <span class='ocrx_word' id='word_1_156' title='bbox 1221 2514 1424 2598; x_wconf 86' lang='lat' dir='ltr'><strong>oscillante</strong></span> <span class='ocrx_word' id='word_1_157' title='bbox 1456 2517 1555 2600; x_wconf 87' lang='lat' dir='ltr'><strong>libra</strong></span> <span class='ocrx_word' id='word_1_158' title='bbox 1582 2517 1672 2602; x_wconf 89' lang='lat' dir='ltr'><strong>sunt</strong></span> <span class='ocrx_word' id='word_1_159' title='bbox 1709 2521 1923 2630; x_wconf 87' lang='lat' dir='ltr'><strong>reciproce</strong></span> <span class='ocrx_word' id='word_1_160' title='bbox 1953 2543 1998 2608; x_wconf 86' lang='lat' dir='ltr'><strong>ut</strong></span> 
     </span>
     <span class='ocr_line' id='line_1_20' title="bbox 435 2637 2001 2754; baseline -0.001 -23"><span class='ocrx_word' id='word_1_161' title='bbox 435 2671 583 2731; x_wconf 89' lang='lat' dir='ltr'><strong>eorum</strong></span> <span class='ocrx_word' id='word_1_162' title='bbox 609 2645 845 2730; x_wconf 80' lang='lat' dir='ltr'><strong>velocitates</strong></span> <span class='ocrx_word' id='word_1_163' title='bbox 876 2638 1027 2723; x_wconf 93' lang='lat' dir='ltr'><strong>sursum</strong></span> <span class='ocrx_word' id='word_1_164' title='bbox 1055 2637 1097 2721; x_wconf 75' lang='lat' dir='ltr'><strong>dt</strong></span> <span class='ocrx_word' id='word_1_165' title='bbox 1120 2639 1336 2724; x_wconf 88' lang='lat' dir='ltr'><strong>deorsum:</strong></span> <span class='ocrx_word' id='word_1_166' title='bbox 1378 2643 1457 2724; x_wconf 89' lang='lat' dir='ltr'><strong>boc</strong></span> <span class='ocrx_word' id='word_1_167' title='bbox 1493 2643 1564 2740; x_wconf 88' lang='lat' dir='ltr'><strong>esi,</strong></span> <span class='ocrx_word' id='word_1_168' title='bbox 1603 2644 1799 2754; x_wconf 88' lang='lat' dir='ltr'><strong>pondera,</strong></span> <span class='ocrx_word' id='word_1_169' title='bbox 1835 2645 2001 2730; x_wconf 70' lang='lat' dir='ltr'><strong>stresla</strong></span> 
     </span>
     <span class='ocr_line' id='line_1_21' title="bbox 434 2767 1997 2882; baseline -0.003 -25"><span class='ocrx_word' id='word_1_170' title='bbox 434 2773 654 2857; x_wconf 79' lang='lat' dir='ltr'><strong>ascendunt</strong></span> <span class='ocrx_word' id='word_1_171' title='bbox 684 2771 728 2854; x_wconf 71' lang='lat' dir='ltr'><strong>bc</strong></span> <span class='ocrx_word' id='word_1_172' title='bbox 754 2767 1022 2863; x_wconf 83' lang='lat' dir='ltr'><strong>descend-unt,</strong></span> <span class='ocrx_word' id='word_1_173' title='bbox 1051 2769 1325 2878; x_wconf 80' lang='lat' dir='ltr'><strong>aequipollent,</strong></span> <span class='ocrx_word' id='word_1_174' title='bbox 1351 2793 1444 2880; x_wconf 85' lang='lat' dir='ltr'><strong>quae</strong></span> <span class='ocrx_word' id='word_1_175' title='bbox 1470 2769 1558 2854; x_wconf 88' lang='lat' dir='ltr'><strong>sunt</strong></span> <span class='ocrx_word' id='word_1_176' title='bbox 1586 2772 1797 2882; x_wconf 90' lang='lat' dir='ltr'><strong>reciproce</strong></span> <span class='ocrx_word' id='word_1_177' title='bbox 1819 2791 1866 2854; x_wconf 90' lang='lat' dir='ltr'><strong>ut</strong></span> <span class='ocrx_word' id='word_1_178' title='bbox 1897 2798 1997 2882; x_wconf 87' lang='lat' dir='ltr'><strong>pun·</strong></span> 
     </span>
     <span class='ocr_line' id='line_1_22' title="bbox 431 2893 2003 3009; baseline 0.003 -27"><span class='ocrx_word' id='word_1_179' title='bbox 431 2899 595 2982; x_wconf 70' lang='lat' dir='ltr'><strong>storum</strong></span> <span class='ocrx_word' id='word_1_180' title='bbox 623 2925 646 2982; x_wconf 90' lang='lat' dir='ltr'><strong>a</strong></span> <span class='ocrx_word' id='word_1_181' title='bbox 675 2895 821 3007; x_wconf 90' lang='lat' dir='ltr'><strong>quibus</strong></span> <span class='ocrx_word' id='word_1_182' title='bbox 853 2893 1145 3004; x_wconf 89' lang='lat' dir='ltr'><strong>suspenduntur</strong></span> <span class='ocrx_word' id='word_1_183' title='bbox 1177 2893 1372 2978; x_wconf 80' lang='lat' dir='ltr'><strong>dillantiae</strong></span> <span class='ocrx_word' id='word_1_184' title='bbox 1403 2898 1453 2981; x_wconf 84' lang='lat' dir='ltr'><strong>ab</strong></span> <span class='ocrx_word' id='word_1_185' title='bbox 1485 2923 1561 2980; x_wconf 85' lang='lat' dir='ltr'><strong>axe</strong></span> <span class='ocrx_word' id='word_1_186' title='bbox 1598 2899 1747 2993; x_wconf 84' lang='lat' dir='ltr'><strong>librae;</strong></span> <span class='ocrx_word' id='word_1_187' title='bbox 1789 2897 1845 2983; x_wconf 91' lang='lat' dir='ltr'><strong>sm</strong></span> <span class='ocrx_word' id='word_1_188' title='bbox 1872 2900 2003 3009; x_wconf 87' lang='lat' dir='ltr'><strong>planis</strong></span> 
     </span>
     <span class='ocr_line' id='line_1_23' title="bbox 432 3018 1998 3135; baseline 0.003 -29"><span class='ocrx_word' id='word_1_189' title='bbox 432 3020 609 3135; x_wconf 84' lang='lat' dir='ltr'><strong>obliquis</strong></span> <span class='ocrx_word' id='word_1_190' title='bbox 639 3019 773 3104; x_wconf 87' lang='lat' dir='ltr'><strong>aliisve</strong></span> <span class='ocrx_word' id='word_1_191' title='bbox 800 3019 974 3102; x_wconf 89' lang='lat' dir='ltr'><strong>admotis</strong></span> <span class='ocrx_word' id='word_1_192' title='bbox 1006 3018 1214 3103; x_wconf 83' lang='lat' dir='ltr'><strong>obstaculis</strong></span> <span class='ocrx_word' id='word_1_193' title='bbox 1241 3019 1435 3128; x_wconf 88' lang='lat' dir='ltr'><strong>impedita</strong></span> <span class='ocrx_word' id='word_1_194' title='bbox 1467 3021 1687 3108; x_wconf 83' lang='lat' dir='ltr'><strong>ascendunt</strong></span> <span class='ocrx_word' id='word_1_195' title='bbox 1725 3025 1790 3108; x_wconf 90' lang='lat' dir='ltr'><strong>vel</strong></span> <span class='ocrx_word' id='word_1_196' title='bbox 1830 3023 1998 3110; x_wconf 89' lang='lat' dir='ltr'><strong>descen·</strong></span> 
     </span>
     <span class='ocr_line' id='line_1_24' title="bbox 432 3143 1997 3262; baseline -0.001 -26"><span class='ocrx_word' id='word_1_197' title='bbox 432 3150 537 3236; x_wconf 81' lang='lat' dir='ltr'><strong>dunt</strong></span> <span class='ocrx_word' id='word_1_198' title='bbox 557 3148 738 3262; x_wconf 87' lang='lat' dir='ltr'><strong>oblique,</strong></span> <span class='ocrx_word' id='word_1_199' title='bbox 751 3145 1025 3257; x_wconf 87' lang='lat' dir='ltr'><strong>aequipollent‚</strong></span> <span class='ocrx_word' id='word_1_200' title='bbox 1043 3169 1136 3256; x_wconf 88' lang='lat' dir='ltr'><strong>quae</strong></span> <span class='ocrx_word' id='word_1_201' title='bbox 1154 3143 1244 3230; x_wconf 88' lang='lat' dir='ltr'><strong>sunt</strong></span> <span class='ocrx_word' id='word_1_202' title='bbox 1264 3147 1477 3255; x_wconf 89' lang='lat' dir='ltr'><strong>reciproce</strong></span> <span class='ocrx_word' id='word_1_203' title='bbox 1501 3167 1546 3231; x_wconf 92' lang='lat' dir='ltr'><strong>ut</strong></span> <span class='ocrx_word' id='word_1_204' title='bbox 1571 3149 1749 3233; x_wconf 86' lang='lat' dir='ltr'><strong>ascensus</strong></span> <span class='ocrx_word' id='word_1_205' title='bbox 1770 3151 1811 3232; x_wconf 76' lang='lat' dir='ltr'><strong>dc</strong></span> <span class='ocrx_word' id='word_1_206' title='bbox 1833 3149 1997 3234; x_wconf 86' lang='lat' dir='ltr'><strong>descen·</strong></span> 
     </span>
     <span class='ocr_line' id='line_1_25' title="bbox 431 3270 1998 3392; baseline -0.004 -28"><span class='ocrx_word' id='word_1_207' title='bbox 431 3277 507 3375; x_wconf 88' lang='lat' dir='ltr'><strong>sus,</strong></span> <span class='ocrx_word' id='word_1_208' title='bbox 541 3295 742 3392; x_wconf 80' lang='lat' dir='ltr'><strong>quatenus</strong></span> <span class='ocrx_word' id='word_1_209' title='bbox 775 3273 868 3356; x_wconf 79' lang='lat' dir='ltr'><strong>fatti</strong></span> <span class='ocrx_word' id='word_1_210' title='bbox 900 3270 1122 3354; x_wconf 82' lang='lat' dir='ltr'><strong>sectmdum</strong></span> <span class='ocrx_word' id='word_1_211' title='bbox 1162 3271 1529 3381; x_wconf 86' lang='lat' dir='ltr'><strong>perpendiculum:</strong></span> <span class='ocrx_word' id='word_1_212' title='bbox 1567 3275 1693 3387; x_wconf 89' lang='lat' dir='ltr'><strong>idque</strong></span> <span class='ocrx_word' id='word_1_213' title='bbox 1720 3275 1775 3358; x_wconf 93' lang='lat' dir='ltr'><strong>ob</strong></span> <span class='ocrx_word' id='word_1_214' title='bbox 1805 3273 1998 3358; x_wconf 85' lang='lat' dir='ltr'><strong>determi-</strong></span> 
     </span>
     <span class='ocr_line' id='line_1_26' title="bbox 431 3395 1997 3510; baseline -0.004 -21"><span class='ocrx_word' id='word_1_215' title='bbox 431 3405 640 3490; x_wconf 72' lang='lat' dir='ltr'><strong>nationem</strong></span> <span class='ocrx_word' id='word_1_216' title='bbox 669 3399 876 3510; x_wconf 88' lang='lat' dir='ltr'><strong>gravitatis</strong></span> <span class='ocrx_word' id='word_1_217' title='bbox 904 3395 1106 3480; x_wconf 89' lang='lat' dir='ltr'><strong>deorsum.</strong></span> <span class='ocrx_word' id='word_1_218' title='bbox 1172 3396 1364 3482; x_wconf 90' lang='lat' dir='ltr'><strong>Similiter</strong></span> <span class='ocrx_word' id='word_1_219' title='bbox 1390 3399 1431 3483; x_wconf 95' lang='lat' dir='ltr'><strong>in</strong></span> <span class='ocrx_word' id='word_1_220' title='bbox 1459 3400 1640 3482; x_wconf 87' lang='lat' dir='ltr'><strong>trochlea</strong></span> <span class='ocrx_word' id='word_1_221' title='bbox 1667 3399 1737 3486; x_wconf 88' lang='lat' dir='ltr'><strong>seu</strong></span> <span class='ocrx_word' id='word_1_222' title='bbox 1772 3397 1997 3510; x_wconf 79' lang='lat' dir='ltr'><strong>polyspasto</strong></span> 
     </span>
     <span class='ocr_line' id='line_1_27' title="bbox 430 3520 2002 3636; baseline -0.002 -25"><span class='ocrx_word' id='word_1_223' title='bbox 430 3531 492 3611; x_wconf 92' lang='lat' dir='ltr'><strong>vis</strong></span> <span class='ocrx_word' id='word_1_224' title='bbox 523 3551 665 3611; x_wconf 90' lang='lat' dir='ltr'><strong>manus</strong></span> <span class='ocrx_word' id='word_1_225' title='bbox 688 3529 831 3608; x_wconf 90' lang='lat' dir='ltr'><strong>sunem</strong></span> <span class='ocrx_word' id='word_1_226' title='bbox 864 3522 1018 3606; x_wconf 75' lang='lat' dir='ltr'><strong>directe</strong></span> <span class='ocrx_word' id='word_1_227' title='bbox 1050 3522 1256 3619; x_wconf 87' lang='lat' dir='ltr'><strong>trahentis,</strong></span> <span class='ocrx_word' id='word_1_228' title='bbox 1294 3549 1387 3636; x_wconf 83' lang='lat' dir='ltr'><strong>quae</strong></span> <span class='ocrx_word' id='word_1_229' title='bbox 1415 3523 1461 3606; x_wconf 81' lang='lat' dir='ltr'><strong>stt</strong></span> <span class='ocrx_word' id='word_1_230' title='bbox 1489 3524 1539 3608; x_wconf 87' lang='lat' dir='ltr'><strong>acl</strong></span> <span class='ocrx_word' id='word_1_231' title='bbox 1571 3523 1731 3636; x_wconf 89' lang='lat' dir='ltr'><strong>pondus</strong></span> <span class='ocrx_word' id='word_1_232' title='bbox 1753 3527 1817 3608; x_wconf 88' lang='lat' dir='ltr'><strong>vel</strong></span> <span class='ocrx_word' id='word_1_233' title='bbox 1843 3520 2002 3608; x_wconf 69' lang='lat' dir='ltr'><strong>diresie</strong></span> 
     </span>
     <span class='ocr_line' id='line_1_28' title="bbox 432 3645 1997 3762; baseline -0.003 -25"><span class='ocrx_word' id='word_1_234' title='bbox 432 3653 499 3737; x_wconf 90' lang='lat' dir='ltr'><strong>vel</strong></span> <span class='ocrx_word' id='word_1_235' title='bbox 525 3651 691 3762; x_wconf 88' lang='lat' dir='ltr'><strong>oblique</strong></span> <span class='ocrx_word' id='word_1_236' title='bbox 721 3645 936 3731; x_wconf 88' lang='lat' dir='ltr'><strong>ascendens</strong></span> <span class='ocrx_word' id='word_1_237' title='bbox 967 3665 1013 3729; x_wconf 90' lang='lat' dir='ltr'><strong>ut</strong></span> <span class='ocrx_word' id='word_1_238' title='bbox 1038 3645 1230 3730; x_wconf 91' lang='lat' dir='ltr'><strong>velocitas</strong></span> <span class='ocrx_word' id='word_1_239' title='bbox 1267 3647 1446 3731; x_wconf 87' lang='lat' dir='ltr'><strong>ascensus</strong></span> <span class='ocrx_word' id='word_1_240' title='bbox 1473 3648 1814 3759; x_wconf 87' lang='lat' dir='ltr'><strong>perpendicularis</strong></span> <span class='ocrx_word' id='word_1_241' title='bbox 1843 3649 1894 3733; x_wconf 91' lang='lat' dir='ltr'><strong>ad</strong></span> <span class='ocrx_word' id='word_1_242' title='bbox 1926 3673 1997 3732; x_wconf 78' lang='lat' dir='ltr'><strong>ve·</strong></span> 
     </span>
     <span class='ocr_line' id='line_1_29' title="bbox 433 3770 1998 3884; baseline -0.003 -22"><span class='ocrx_word' id='word_1_243' title='bbox 433 3777 643 3862; x_wconf 88' lang='lat' dir='ltr'><strong>locitatem</strong></span> <span class='ocrx_word' id='word_1_244' title='bbox 676 3797 818 3858; x_wconf 88' lang='lat' dir='ltr'><strong>manus</strong></span> <span class='ocrx_word' id='word_1_245' title='bbox 848 3770 989 3854; x_wconf 88' lang='lat' dir='ltr'><strong>funem</strong></span> <span class='ocrx_word' id='word_1_246' title='bbox 1020 3771 1228 3868; x_wconf 85' lang='lat' dir='ltr'><strong>trahentis,</strong></span> <span class='ocrx_word' id='word_1_247' title='bbox 1266 3771 1471 3857; x_wconf 86' lang='lat' dir='ltr'><strong>sustinebit</strong></span> <span class='ocrx_word' id='word_1_248' title='bbox 1505 3775 1678 3884; x_wconf 83' lang='lat' dir='ltr'><strong>pondus.</strong></span> <span class='ocrx_word' id='word_1_249' title='bbox 1753 3773 1798 3858; x_wconf 93' lang='lat' dir='ltr'><strong>ln</strong></span> <span class='ocrx_word' id='word_1_250' title='bbox 1831 3775 1998 3858; x_wconf 86' lang='lat' dir='ltr'><strong>horolo-</strong></span> 
     </span>
     <span class='ocr_line' id='line_1_30' title="bbox 431 3895 2000 4018; baseline -0.004 -29"><span class='ocrx_word' id='word_1_251' title='bbox 431 3902 579 4018; x_wconf 87' lang='lat' dir='ltr'><strong>giis&amp;</strong></span> <span class='ocrx_word' id='word_1_252' title='bbox 609 3898 798 3986; x_wconf 78' lang='lat' dir='ltr'><strong>similibus</strong></span> <span class='ocrx_word' id='word_1_253' title='bbox 826 3896 1115 3992; x_wconf 86' lang='lat' dir='ltr'><strong>instrumentis,</strong></span> <span class='ocrx_word' id='word_1_254' title='bbox 1144 3919 1236 4006; x_wconf 83' lang='lat' dir='ltr'><strong>qnae</strong></span> <span class='ocrx_word' id='word_1_255' title='bbox 1270 3923 1322 3979; x_wconf 85' lang='lat' dir='ltr'><strong>ex</strong></span> <span class='ocrx_word' id='word_1_256' title='bbox 1348 3901 1489 3984; x_wconf 87' lang='lat' dir='ltr'><strong>rotulis</strong></span> <span class='ocrx_word' id='word_1_257' title='bbox 1518 3896 1737 3984; x_wconf 75' lang='lat' dir='ltr'><strong>commissis</strong></span> <span class='ocrx_word' id='word_1_258' title='bbox 1770 3895 2000 3982; x_wconf 73' lang='lat' dir='ltr'><strong>conslrusla</strong></span> 
     </span>
     <span class='ocr_line' id='line_1_31' title="bbox 430 4018 1997 4134; baseline -0.006 -18"><span class='ocrx_word' id='word_1_259' title='bbox 430 4031 535 4127; x_wconf 89' lang='lat' dir='ltr'><strong>sunt,</strong></span> <span class='ocrx_word' id='word_1_260' title='bbox 560 4026 666 4112; x_wconf 90' lang='lat' dir='ltr'><strong>vires</strong></span> <span class='ocrx_word' id='word_1_261' title='bbox 687 4023 902 4109; x_wconf 86' lang='lat' dir='ltr'><strong>contrariae</strong></span> <span class='ocrx_word' id='word_1_262' title='bbox 929 4018 1163 4106; x_wconf 87' lang='lat' dir='ltr'><strong>admotum</strong></span> <span class='ocrx_word' id='word_1_263' title='bbox 1192 4026 1416 4108; x_wconf 87' lang='lat' dir='ltr'><strong>rotularum</strong></span> <span class='ocrx_word' id='word_1_264' title='bbox 1442 4023 1773 4134; x_wconf 87' lang='lat' dir='ltr'><strong>promovendum</strong></span> <span class='ocrx_word' id='word_1_265' title='bbox 1797 4021 1844 4106; x_wconf 79' lang='lat' dir='ltr'><strong>oc</strong></span> <span class='ocrx_word' id='word_1_266' title='bbox 1870 4025 1997 4134; x_wconf 90' lang='lat' dir='ltr'><strong>impe-</strong></span> 
     </span>
     <span class='ocr_line' id='line_1_32' title="bbox 431 4148 1997 4262; baseline -0.005 -22"><span class='ocrx_word' id='word_1_267' title='bbox 431 4155 643 4252; x_wconf 89' lang='lat' dir='ltr'><strong>diendum,</strong></span> <span class='ocrx_word' id='word_1_268' title='bbox 673 4151 701 4237; x_wconf 92' lang='lat' dir='ltr'><strong>s1</strong></span> <span class='ocrx_word' id='word_1_269' title='bbox 722 4153 812 4238; x_wconf 91' lang='lat' dir='ltr'><strong>sunt</strong></span> <span class='ocrx_word' id='word_1_270' title='bbox 835 4148 1048 4259; x_wconf 82' lang='lat' dir='ltr'><strong>reciproce</strong></span> <span class='ocrx_word' id='word_1_271' title='bbox 1067 4166 1112 4230; x_wconf 87' lang='lat' dir='ltr'><strong>ut</strong></span> <span class='ocrx_word' id='word_1_272' title='bbox 1135 4150 1368 4235; x_wconf 85' lang='lat' dir='ltr'><strong>velocitates</strong></span> <span class='ocrx_word' id='word_1_273' title='bbox 1393 4151 1566 4262; x_wconf 85' lang='lat' dir='ltr'><strong>partium</strong></span> <span class='ocrx_word' id='word_1_274' title='bbox 1586 4153 1813 4234; x_wconf 89' lang='lat' dir='ltr'><strong>rotularum</strong></span> <span class='ocrx_word' id='word_1_275' title='bbox 1828 4149 1872 4234; x_wconf 88' lang='lat' dir='ltr'><strong>in</strong></span> <span class='ocrx_word' id='word_1_276' title='bbox 1894 4173 1997 4262; x_wconf 89' lang='lat' dir='ltr'><strong>quas</strong></span> 
     </span>
     <span class='ocr_line' id='line_1_33' title="bbox 431 4265 2002 4394; baseline -0.006 -26"><span class='ocrx_word' id='word_1_277' title='bbox 431 4265 734 4394; x_wconf 86' lang='lat' dir='ltr'><strong>imprimuntur,</strong></span> <span class='ocrx_word' id='word_1_278' title='bbox 773 4276 1019 4362; x_wconf 90' lang='lat' dir='ltr'><strong>sustinebunt</strong></span> <span class='ocrx_word' id='word_1_279' title='bbox 1047 4273 1087 4360; x_wconf 91' lang='lat' dir='ltr'><strong>se</strong></span> <span class='ocrx_word' id='word_1_280' title='bbox 1115 4298 1273 4361; x_wconf 89' lang='lat' dir='ltr'><strong>mutuo.</strong></span> <span class='ocrx_word' id='word_1_281' title='bbox 1328 4275 1404 4363; x_wconf 90' lang='lat' dir='ltr'><strong>Vis</strong></span> <span class='ocrx_word' id='word_1_282' title='bbox 1428 4280 1609 4365; x_wconf 85' lang='lat' dir='ltr'><strong>cochleae</strong></span> <span class='ocrx_word' id='word_1_283' title='bbox 1641 4277 1693 4362; x_wconf 90' lang='lat' dir='ltr'><strong>ad</strong></span> <span class='ocrx_word' id='word_1_284' title='bbox 1722 4275 2002 4391; x_wconf 88' lang='lat' dir='ltr'><strong>premendum</strong></span> 
     </span>
     <span class='ocr_line' id='line_1_34' title="bbox 432 4403 1999 4520; baseline -0.004 -26"><span class='ocrx_word' id='word_1_285' title='bbox 432 4433 581 4520; x_wconf 78' lang='lat' dir='ltr'><strong>corpus</strong></span> <span class='ocrx_word' id='word_1_286' title='bbox 606 4405 663 4492; x_wconf 91' lang='lat' dir='ltr'><strong>est</strong></span> <span class='ocrx_word' id='word_1_287' title='bbox 691 4405 741 4489; x_wconf 87' lang='lat' dir='ltr'><strong>ad</strong></span> <span class='ocrx_word' id='word_1_288' title='bbox 771 4405 856 4489; x_wconf 90' lang='lat' dir='ltr'><strong>vim</strong></span> <span class='ocrx_word' id='word_1_289' title='bbox 889 4427 1030 4488; x_wconf 88' lang='lat' dir='ltr'><strong>manus</strong></span> <span class='ocrx_word' id='word_1_290' title='bbox 1062 4403 1319 4488; x_wconf 89' lang='lat' dir='ltr'><strong>manubrium</strong></span> <span class='ocrx_word' id='word_1_291' title='bbox 1357 4405 1683 4516; x_wconf 85' lang='lat' dir='ltr'><strong>circumagentis,</strong></span> <span class='ocrx_word' id='word_1_292' title='bbox 1719 4424 1765 4488; x_wconf 90' lang='lat' dir='ltr'><strong>ut</strong></span> <span class='ocrx_word' id='word_1_293' title='bbox 1791 4403 1999 4488; x_wconf 86' lang='lat' dir='ltr'><strong>circularis</strong></span> 
     </span>
     <span class='ocr_line' id='line_1_35' title="bbox 431 4531 2001 4642; baseline -0.004 -22"><span class='ocrx_word' id='word_1_294' title='bbox 431 4535 625 4620; x_wconf 88' lang='lat' dir='ltr'><strong>velocitas</strong></span> <span class='ocrx_word' id='word_1_295' title='bbox 655 4531 852 4617; x_wconf 89' lang='lat' dir='ltr'><strong>manubrii</strong></span> <span class='ocrx_word' id='word_1_296' title='bbox 875 4556 921 4614; x_wconf 89' lang='lat' dir='ltr'><strong>ea</strong></span> <span class='ocrx_word' id='word_1_297' title='bbox 942 4532 984 4615; x_wconf 91' lang='lat' dir='ltr'><strong>in</strong></span> <span class='ocrx_word' id='word_1_298' title='bbox 1011 4549 1125 4639; x_wconf 88' lang='lat' dir='ltr'><strong>parte</strong></span> <span class='ocrx_word' id='word_1_299' title='bbox 1149 4531 1218 4616; x_wconf 93' lang='lat' dir='ltr'><strong>ubi</strong></span> <span class='ocrx_word' id='word_1_300' title='bbox 1247 4563 1269 4614; x_wconf 84' lang='lat' dir='ltr'><strong>a</strong></span> <span class='ocrx_word' id='word_1_301' title='bbox 1294 4557 1414 4617; x_wconf 88' lang='lat' dir='ltr'><strong>manu</strong></span> <span class='ocrx_word' id='word_1_302' title='bbox 1444 4553 1625 4642; x_wconf 84' lang='lat' dir='ltr'><strong>urgetur,</strong></span> <span class='ocrx_word' id='word_1_303' title='bbox 1661 4531 1712 4616; x_wconf 88' lang='lat' dir='ltr'><strong>ad</strong></span> <span class='ocrx_word' id='word_1_304' title='bbox 1737 4533 2001 4616; x_wconf 85' lang='lat' dir='ltr'><strong>velocitatem</strong></span> 
     </span>
     <span class='ocr_line' id='line_1_36' title="bbox 429 4653 1998 4779; baseline -0.008 -30"><span class='ocrx_word' id='word_1_305' title='bbox 429 4659 722 4779; x_wconf 86' lang='lat' dir='ltr'><strong>progreffivam</strong></span> <span class='ocrx_word' id='word_1_306' title='bbox 763 4659 944 4742; x_wconf 80' lang='lat' dir='ltr'><strong>cochleas</strong></span> <span class='ocrx_word' id='word_1_307' title='bbox 978 4661 1112 4745; x_wconf 92' lang='lat' dir='ltr'><strong>versus</strong></span> <span class='ocrx_word' id='word_1_308' title='bbox 1143 4683 1292 4766; x_wconf 89' lang='lat' dir='ltr'><strong>corpus</strong></span> <span class='ocrx_word' id='word_1_309' title='bbox 1322 4657 1508 4769; x_wconf 86' lang='lat' dir='ltr'><strong>pressum.</strong></span> <span class='ocrx_word' id='word_1_310' title='bbox 1582 4657 1705 4746; x_wconf 87' lang='lat' dir='ltr'><strong>Vires</strong></span> <span class='ocrx_word' id='word_1_311' title='bbox 1735 4658 1881 4770; x_wconf 87' lang='lat' dir='ltr'><strong>quibus</strong></span> <span class='ocrx_word' id='word_1_312' title='bbox 1912 4653 1998 4738; x_wconf 69' lang='lat' dir='ltr'><strong>Cu»</strong></span> 
     </span>
     <span class='ocr_line' id='line_1_37' title="bbox 431 4781 1998 4895; baseline -0.009 -21"><span class='ocrx_word' id='word_1_313' title='bbox 431 4815 532 4875; x_wconf 91' lang='lat' dir='ltr'><strong>neus</strong></span> <span class='ocrx_word' id='word_1_314' title='bbox 550 4805 670 4893; x_wconf 85' lang='lat' dir='ltr'><strong>urget</strong></span> <span class='ocrx_word' id='word_1_315' title='bbox 695 4801 827 4895; x_wconf 89' lang='lat' dir='ltr'><strong>partes</strong></span> <span class='ocrx_word' id='word_1_316' title='bbox 856 4783 953 4866; x_wconf 88' lang='lat' dir='ltr'><strong>duas</strong></span> <span class='ocrx_word' id='word_1_317' title='bbox 979 4785 1077 4890; x_wconf 86' lang='lat' dir='ltr'><strong>ligni</strong></span> <span class='ocrx_word' id='word_1_318' title='bbox 1105 4781 1178 4866; x_wconf 86' lang='lat' dir='ltr'><strong>fiffi</strong></span> <span class='ocrx_word' id='word_1_319' title='bbox 1200 4783 1289 4865; x_wconf 93' lang='lat' dir='ltr'><strong>sunt</strong></span> <span class='ocrx_word' id='word_1_320' title='bbox 1311 4783 1363 4867; x_wconf 90' lang='lat' dir='ltr'><strong>ad</strong></span> <span class='ocrx_word' id='word_1_321' title='bbox 1394 4783 1477 4868; x_wconf 84' lang='lat' dir='ltr'><strong>vim</strong></span> <span class='ocrx_word' id='word_1_322' title='bbox 1505 4782 1635 4866; x_wconf 87' lang='lat' dir='ltr'><strong>mallei</strong></span> <span class='ocrx_word' id='word_1_323' title='bbox 1661 4781 1702 4863; x_wconf 92' lang='lat' dir='ltr'><strong>in</strong></span> <span class='ocrx_word' id='word_1_324' title='bbox 1733 4803 1924 4874; x_wconf 88' lang='lat' dir='ltr'><strong>cuneum,</strong></span> <span class='ocrx_word' id='word_1_325' title='bbox 1949 4795 1998 4860; x_wconf 84' lang='lat' dir='ltr'><strong>ut</strong></span> 
     </span>
    </p>
   </div>
   <div class='ocr_carea' id='block_1_3' title="bbox 1902 707 1931 755">
    <p class='ocr_par' dir='ltr' id='par_1_5' title="bbox 1902 707 1931 755">
     <span class='ocr_line' id='line_1_38' title="bbox 1902 707 1931 755; baseline 0 0"><span class='ocrx_word' id='word_1_326' title='bbox 1902 707 1931 755; x_wconf 74' lang='lat' dir='ltr'><strong>tt</strong></span> 
     </span>
    </p>
   </div>
   <div class='ocr_carea' id='block_1_4' title="bbox 431 4902 2001 5140">
    <p class='ocr_par' dir='ltr' id='par_1_6' title="bbox 431 4902 2001 5140">
     <span class='ocr_line' id='line_1_39' title="bbox 431 4902 1998 5109; baseline -0.013 -106"><span class='ocrx_word' id='word_1_327' title='bbox 431 4911 661 5033; x_wconf 87' lang='lat' dir='ltr'><strong>progressus</strong></span> <span class='ocrx_word' id='word_1_328' title='bbox 692 4912 814 4998; x_wconf 88' lang='lat' dir='ltr'><strong>cunei</strong></span> <span class='ocrx_word' id='word_1_329' title='bbox 839 4907 1062 5000; x_wconf 90' lang='lat' dir='ltr'><strong>secundum</strong></span> <span class='ocrx_word' id='word_1_330' title='bbox 1092 4906 1479 4995; x_wconf 87' lang='lat' dir='ltr'><strong>determinationem</strong></span> <span class='ocrx_word' id='word_1_331' title='bbox 1504 4909 1563 4993; x_wconf 86' lang='lat' dir='ltr'><strong>vis</strong></span> <span class='ocrx_word' id='word_1_332' title='bbox 1587 4933 1608 4990; x_wconf 91' lang='lat' dir='ltr'><strong>a</strong></span> <span class='ocrx_word' id='word_1_333' title='bbox 1636 4905 1840 5046; x_wconf 80' lang='lat' dir='ltr'><strong>malleoin</strong></span> <span class='ocrx_word' id='word_1_334' title='bbox 1865 4902 1998 5109; x_wconf 64' lang='lat' dir='ltr'><strong>ipspm</strong></span> 
     </span>
     <span class='ocr_line' id='line_1_40' title="bbox 1663 5047 2001 5140; baseline -0.03 -22"><span class='ocrx_word' id='word_1_335' title='bbox 1663 5047 1667 5056; x_wconf 89' lang='lat'>&#39;</span> <span class='ocrx_word' id='word_1_336' title='bbox 1783 5053 1913 5140; x_wconf 85' lang='lat' dir='ltr'><strong>tmpre</strong></span> <span class='ocrx_word' id='word_1_337' title='bbox 1948 5049 2001 5126; x_wconf 85' lang='lat' dir='ltr'><strong>ae,</strong></span> 
     </span>
    </p>
   </div>
   <div class='ocr_carea' id='block_1_5' title="bbox 0 0 2230 5674">
    <p class='ocr_par' dir='ltr' id='par_1_7' title="bbox 0 0 2230 5674">
     <span class='ocr_line' id='line_1_41' title="bbox 0 0 2230 5674; baseline 0 1"><span class='ocrx_word' id='word_1_338' title='bbox 0 0 2230 5674; x_wconf 95' lang='lat' dir='ltr'><strong> </strong></span> 
     </span>
    </p>
   </div>
  </div>
 </body>
</html>
