4338 5656
237 403 407 472 nrnrurrr

230 488 414 554 arariam

439 223 539 356 516
618 317 620 322 ,
714 217 1767 326 rnrtosonnrnrtarunnnrs

437 393 610 510 optima,
633 388 677 476 dc
702 390 920 480 adrerum
945 389 1132 480 omniurn
1160 389 1291 478 uitam
1315 388 1552 504 requiritur,
1590 417 1643 480 ex
1667 395 1841 479 cometis
1866 399 2018 508 praeci·

444 547 526 638 pue
551 543 704 606 ventre.

495 645 798 759 Atmospnaera
811 657 1067 730 cometarum
1086 643 1129 730 in
1145 640 1337 728 descensu
1359 667 1502 729 eorum
1526 643 1569 730 in
1592 647 1723 732 solem
1746 655 2016 739 excurrendo
2138 737 2139 750 p

440 778 485 864 in
506 771 671 870 caudas,
695 770 995 870 diminuuntur,
1020 771 1062 854 dt
1089 771 1163 875 (ea
1193 787 1306 855 certe
1337 769 1379 853 in
1406 792 1521 883 parte
1545 798 1640 884 quae
1663 772 1788 858 solem
1813 778 2016 894 respicit)

438 900 687 1014 angustiores
711 897 966 984 redduntur:
997 899 1039 982 δι
1057 896 1230 983 vicilsrm
1254 896 1297 980 in
1323 897 1481 982 recessu
1505 925 1649 984 eorum
1671 927 1693 984 a
1712 900 1809 1000 sole,
1837 907 1910 990 ubi
1928 907 2014 1016 jam

439 1030 574 1118 minus
593 1045 817 1114 excurrunt
836 1027 878 1114 in
899 1025 1060 1124 caudas,
1080 1029 1350 1138 ampliantur;
1378 1024 1406 1109 sa
1425 1027 1556 1114 modo
1574 1025 1839 1136 phaenomena
1863 1059 2014 1120 eorum

437 1157 639 1244 Heraclius
669 1155 779 1240 reae
810 1157 980 1242 notavit.
1037 1153 1227 1239 Minima
1257 1171 1400 1237 autem*
1424 1173 1635 1268 apparent,
1661 1154 1731 1239 ubi
1760 1160 1897 1272 capita
1929 1159 2014 1270 jam

438 1284 570 1373 modo
589 1281 641 1368 ad
660 1279 786 1368 solem
804 1277 997 1368 calefatta
1011 1281 1055 1366 in
1075 1281 1224 1367 caudas
1241 1277 1436 1362 maximae
1460 1279 1504 1366 δι
1526 1277 1831 1386 fulgentissimas
1858 1283 2014 1380 abiere,

440 1411 644 1500 &nuclei
669 1413 786 1500 fumo
810 1409 947 1500 forsan·
974 1409 1164 1496 crassiore
1192 1405 1234 1490 &
1258 1405 1437 1515 nigriore
1460 1409 1503 1494 ira
1531 1403 1897 1518 atmosphaerarum
1921 1437 2012 1520 par·

437 1541 547 1628 tibus
567 1537 715 1626 infimis
735 1539 1041 1624 circundantur.
1094 1534 1203 1619 Nam
1223 1531 1358 1618 fumus
1386 1531 1522 1618 omnis
1550 1531 1706 1641 ingenti
1731 1532 1868 1618 calore
1901 1540 2010 1624 exci-

438 1685 547 1754 tatut
573 1663 740 1752 crassror
768 1663 812 1750 dc
842 1663 999 1774 nigrior
1028 1661 1107 1748 else
1126 1658 1240 1744 solet.
1296 1656 1362 1742 Sic
1389 1679 1513 1772 caput
1533 1677 1720 1755 cometa,
1745 1657 1799 1744 de
1818 1685 1910 1772 quo
1928 1667 2011 1776 egi.

437 1818 540 1896 mus,
563 1791 846 1908 inaequalibus
874 1789 1001 1876 asole
1032 1815 1080 1874 ac
1108 1809 1215 1873 terra
1233 1781 1427 1872 distantiis
1454 1780 1662 1867 obscurius
1687 1787 1879 1898 apparuit
1920 1788 2011 1904 poll

436 1918 681 2032 perihelium
712 1915 829 2002 suurn
862 1939 985 2030 quam
1012 1933 1140 2000 antea.
1196 1909 1342 1997 Mense
1372 1911 1483 1996 enim
1509 1905 1739 1990 Decembri·
1760 1937 1858 1996 eum
1892 1915 2008 2000 ssellis

435 2041 571 2130 tertia
594 2035 886 2149 magnitudinis
904 2037 1091 2126 conferri
1106 2037 1273 2134 solebat,
1301 2053 1343 2120 at
1363 2033 1500 2122 mense
1520 2027 1745 2116 Nouembri
1767 2061 1865 2122 cum
1891 2037 2008 2128 stellis

434 2169 580 2288 prlmrc
594 2161 854 2254 &secundm
910 2161 967 2252 Et
988 2167 1061 2282 qui
1075 2183 1296 2280 utrumque
1316 2165 1518 2258 viderant,
1548 2158 1746 2268 majorem
1769 2161 2007 2257 describunt

435 2311 644 2381 cometam
670 2288 865 2404 priorem.
921 2291 1029 2380 Nam
1053 2291 1199 2402 juveni·
1213 2289 1378 2377 cuidam
1398 2283 1726 2398 Cantabrigienst,
1749 2285 1923 2378 Novar.
1945 2324 2008 2405 19,
2138 2389 2139 2403 Ν

436 2437 600 2510 cometa
617 2418 737 2505 hicce
754 2418 847 2505 luce
874 2417 941 2504 sua
961 2417 1220 2531 quantumvis
1248 2415 1440 2530 plumbea
1461 2411 1505 2500 δι
1529 2409 1686 2510 obtusa,
1718 2414 1904 2526 aquabat
1927 2422 2007 2534 spi·

434 2573 526 2638 cam
549 2543 731 2660 virginis,
759 2541 803 2628 dc
830 2545 975 2630 clarius
993 2541 1178 2630 *micabat
1201 2566 1327 2655 quam
1352 2542 1503 2656 pollet.
1558 2537 2016 2634 tritennarium:

434 2705 502 2761 20.
528 2673 573 2764 st.
594 2695 677 2761 vet.
706 2693 869 2762 cometa
894 2671 1117 2789 apparebat
1139 2670 1269 2778 major
1288 2669 1407 2756 stellis
1435 2671 1579 2782 prima
1600 2671 1902 2780 magnitudinis,
1928 2703 2006 2762 ex·-

433 2799 579 2888 istente
601 2799 730 2886 cauda
758 2801 937 2884 duorum
965 2798 1172 2908 graduum·
1201 2793 1481 2903 longitudinis.
1543 2791 1601 2880 Et
1626 2793 2007 2900 macerantem,

433 2949 528 3042 quac
551 2925 595 3009 in
617 2947 759 3008 manus
780 2919 935 3006 nostras
954 2919 1152 3016 incidere,
1179 2917 1336 3030 scripsit
1362 2939 1487 3033 caput
1513 2917 1599 3030 ejus
1618 2921 1748 3004 mense
1762 2923 2010 3044 Decembri,
2136 2975 2138 3044 f

433 3051 506 3140 ubi
535 3047 709 3137 caudam
734 3049 953 3134 maximam
979 3043 1023 3130 δι
1049 3042 1380 3152 fulgentissimam
1407 3043 1637 3143 emittebat,
1660 3071 1835 3160 paruum
1854 3050 1935 3140 esse
1957 3054 2006 3138 δι
2137 3047 2138 3061 '

431 3173 715 3292 magnitudine
730 3171 871 3258 visrbili
892 3171 1014 3281 longe
1032 3171 1183 3256 cedere
1201 3191 1390 3270 cometa,
1413 3171 1486 3285 qui
1508 3172 1645 3260 mense
1660 3171 1886 3258 Novembri
1905 3199 2007 3268 ante

431 3307 526 3395 solis
564 3321 704 3390 ortum
741 3317 996 3413 apparuerat.
1086 3297 1216 3408 Cujus
1248 3299 1309 3384 rei
1340 3299 1543 3386 rationem
1573 3297 1653 3385 effe
1680 3295 2004 3410 conjedabatur,

432 3429 549 3548 quod
574 3428 742 3516 materia
765 3422 910 3540 capitis
937 3423 1009 3510 sub
1035 3423 1154 3512 initio
1180 3421 1386 3542 copiosior
1409 3420 1522 3523 esset,
1564 3423 1828 3540 &paulatim
1855 3429 2004 3520 consu·

431 3579 629 3648 meretur.

484 3681 650 3770 Eodem
669 3675 849 3796 spectare
869 3678 1053 3778 videtur,
1065 3678 1180 3794 quod
1197 3677 1331 3796 capita
1345 3701 1600 3770 cometarum
1616 3679 1804 3782 aliomm,
1816 3682 1889 3796 qui
1909 3708 2002 3771 cau·

432 3807 505 3898 das
523 3808 715 3894 maximas
744 3807 789 3894 δι
810 3801 1111 3917 fulgenriffimas
1143 3807 1378 3905 emiserunt,
1406 3806 1670 3924 apparuerint
1690 3807 1999 3898 subobscura&

432 3933 594 4046 exigua.
650 3929 756 4018 Nam
780 3957 888 4020 anno
914 3933 1014 4016 1668
1043 3933 1177 4017 Mart.
1206 3961 1240 4038 5.
1264 3932 1310 4017 st.
1329 3959 1423 4018 nov.
1451 3937 1552 4020 bora
1574 3933 1745 4046 septima
1768 3934 2002 4048 vespertina

434 4063 488 4150 R.
502 4061 556 4146 P.
570 4057 813 4143 Valentinus
830 4057 1054 4162 Estancias,
1071 4056 1257 4166 Brastliae
1276 4079 1411 4168 agent,
1438 4079 1647 4144 cometam
1665 4058 1770 4144 vidit
1787 4059 1998 4150 horizonti
2137 4112 2138 4148 r

434 4195 670 4300 proximum
695 4182 748 4270 ad
770 4182 959 4268 occasum
984 4181 1076 4268 solis
1103 4184 1341 4281 brumalem,
1375 4187 1511 4300 capite
1541 4183 1714 4269 minimo
1741 4179 1786 4266 dc
1806 4188 1879 4272 vix
1901 4215 1995 4274 con·

432 4313 591 4428 spicuo,
617 4311 747 4402 cauda
770 4335 872 4395 vero
898 4308 1015 4422 supra
1037 4309 1208 4396 modum
1225 4310 1421 4420 fulgente,
1447 4331 1493 4396 ut
1515 4309 1660 4398 slantes
1684 4312 1728 4396 in
1752 4310 1890 4401 littore
1903 4314 1988 4424 spe·

433 4437 543 4526 ciem
558 4433 646 4545 ejus
668 4461 693 4522 e
719 4435 821 4520 mari
846 4433 1048 4520 reflexam
1068 4434 1185 4521 facile
1215 4455 1444 4522 cernerent.
1499 4433 1688 4548 Speciem
1713 4437 1852 4552 utique
1866 4436 1993 4525 babe-

433 4561 504 4652 bat
529 4558 652 4646 trabis
670 4558 917 4671 splendentis
941 4558 1199 4670 longitudine
1224 4585 1248 4638 2
1254 4585 1272 4656 3
1297 4559 1510 4665 graduum,
1538 4557 1588 4642 ab
1615 4559 1839 4646 occidente
1861 4561 1908 4646 in
1926 4587 1998 4647 au·

433 4688 558 4774 sirum
583 4707 771 4796 vergens,
798 4685 1069 4772 &horizonti
1091 4684 1178 4771 fere
1202 4685 1397 4796 parallela.
1452 4681 1614 4770 Tantus
1640 4701 1779 4770 autem
1804 4686 2000 4800 splendor

434 4835 518 4902 tres
537 4811 668 4898 solum
693 4811 781 4898 di'es
807 4809 993 4911 durabat,
1020 4809 1190 4896 subinde
1219 4811 1451 4896 notabiliter
1477 4808 1745 4908 decrescens;
1775 4808 2002 4902 &interea

433 4935 699 5028 decrescente
722 4937 937 5052 splendore
961 4935 1082 5026 antia·
1098 4936 1155 5024 est
1172 4935 1452 5050 magnitudine
1470 4934 1613 5026 cauda.
1667 4933 1795 5024 Unde
1811 4938 1937 5024 etiam
1955 4939 2002 5026 in
2136 4925 2137 4986 Γ

1882 5067 2002 5176 tufi-
