4450 5674
416 247 487 385 'rt
682 243 1222 350 nuteosonurn
1268 241 1729 349 norunnnts
2166 160 2175 285 Ψ

204 431 260 574 {g
273 429 393 574 “¹0⁰2
479 428 604 518 Coros.
626 453 658 514 1.
685 425 741 514 Et
767 430 863 518 hinc
882 426 1000 515 sacile
1017 426 1235 540 colligitur,
1260 427 1377 544 quod
1397 453 1620 542 corporum
1639 429 1783 516 ssmiles
1804 425 1996 520 finilium

260 532 298 574 ⁸⁹
321 531 363 576 ¹⁰
423 559 645 672 figurarum
675 578 808 668 partes
838 554 1088 676 temporibus
1120 554 1490 670 proportionalibus
1526 557 1844 644 describentium
1881 587 1999 648 etro-

421 715 502 785 res,
529 687 602 801 qui
624 685 776 770 viribus
809 686 1013 802 quibusvis
1044 685 1263 800 aequalibus
1292 683 1345 770 ad
1378 709 1552 798 corpora
1581 684 1759 774 similiter
1786 687 1998 800 applicatis

422 833 685 927 generantur,
720 812 763 898 dc
781 817 1060 903 mensurantur
1085 839 1159 926 per
1179 811 1380 897 distantias
1411 837 1633 924 corporum
1661 815 1922 926 aligurarum
1947 819 1998 904 li-

424 943 585 1030 milium
613 939 714 1026 locis
740 942 829 1042 illis,
856 943 907 1028 ad
937 967 1031 1056 quae
1060 967 1234 1056 corpora
1261 937 1406 1026 eadem
1434 941 1688 1052 temporibus
1718 943 1860 1028 iisdem
1897 971 1998 1057 pro·

424 1066 731 1184 portionalibus·
748 1065 830 1153 fine
858 1067 1010 1154 viribus
1043 1067 1124 1152 istis
1151 1063 1426 1180 pervenirent,
1461 1065 1551 1160 sunt
1583 1086 1629 1150 ut
1657 1067 1853 1181 quadrata
1887 1089 1996 1158 tem-

425 1217 575 1310 porum
594 1193 636 1279 in
655 1193 802 1306 quibus
823 1214 1067 1306 generantur
1089 1217 1212 1306 quam
1232 1189 1433 1304 proxime.
2005 1269 2014 1284 ,

481 1319 609 1404 Coros.
636 1347 674 1402 2.
714 1311 886 1405 Errores
913 1338 1049 1403 autem
1085 1315 1156 1430 qui
1182 1315 1334 1400 viribus
1373 1313 1744 1426 proportionalibus
1769 1316 1821 1402 ad
1847 1315 1995 1408 slmiles

423 1441 645 1553 figurarum
666 1441 851 1528 similium
879 1463 1012 1555 partes
1040 1439 1219 1525 similiter
1246 1439 1451 1552 applicatis
1474 1461 1733 1549 generantur,
1760 1441 1851 1527 sunt
1867 1465 1915 1529 ut
1936 1445 1994 1530 vi·

423 1593 489 1654 res
509 1567 553 1652 de
580 1568 774 1682 quadrata
793 1588 1025 1680 temporum
1052 1561 1312 1672 conjunsiim.
1975 1567 1981 1576 “

480 1697 607 1784 Coros.
629 1725 664 1796 3·
700 1693 815 1783 Idem
836 1691 1147 1804 intelligendum
1174 1691 1302 1776 eilde
1322 1688 1455 1803 spatiis
1480 1691 1686 1804 quibusvis
1707 1717 1802 1804 quae
1818 1719 1994 1808 corpora

424 1826 662 1935 urgentibus
682 1820 848 1908 diversis
867 1820 1018 1906 viribus
1034 1816 1275 1904 describunt.
1333 1815 1443 1902 Haec
1464 1818 1570 1917 sunt,
1597 1817 1684 1930 ipso
1703 1839 1841 1904 motus
1859 1821 1994 1922 initio,

425 1973 472 2038 ut
491 1953 597 2039 vires
614 1952 659 2037 dt
679 1949 873 2064 quadrata
901 1967 1134 2060 temporum
1160 1944 1420 2055 conjunsiim.
1883 1971 1888 1984 ·

482 2077 659 2182 Coreli„
686 2075 869 2191 Ideoque
887 2075 993 2160 vires
1013 2073 1102 2160 sunt
1121 2092 1167 2159 ut
1190 2071 1328 2182 spatia,
1353 2071 1441 2182 ipso
1467 2087 1603 2154 motus
1627 2069 1760 2170 initio,
1793 2071 1992 2186 descripta

427 2198 581 2288 direde
599 2202 646 2290 dc
668 2205 863 2318 quadrata
882 2219 1115 2314 temporum
1138 2197 1308 2283 inverse.

482 2330 609 2417 Coros.
635 2358 670 2435 5.
709 2329 767 2416 Et
797 2331 991 2444 quadrata
1021 2351 1256 2441 temporum
1280 2321 1371 2408 sunt
1398 2341 1445 2408 ut
1473 2317 1673 2434 descripta
1693 2322 1816 2436 spatia
1838 2321 1990 2422 diredie

427 2455 593 2548 &vires
614 2459 781 2546 inverse.

1091 2677 1323 2782 Scholinm.

476 2915 799 3030 sequanenses
836 2910 1158 3000 indeterminate
1199 2907 1455 2996 diversorum
1488 2934 1684 3022 generum
1725 2907 1989 2996 conserantur

424 3049 534 3132 inter
562 3047 617 3147 se,
640 3042 689 3128 or
716 3069 854 3128 eamm
873 3041 1002 3154 aliqua
1022 3039 1182 3124 dicatur
1208 3037 1287 3124 else
1312 3057 1357 3122 ut
1375 3039 1439 3124 est
1468 3041 1541 3124 alia
1568 3039 1720 3152 quaevis
1740 3037 1892 3124 diresie
1925 3021 1991 3122 vel

421 3171 611 3260 inversez
650 3168 783 3258 sensus
814 3167 886 3266 eil,
921 3167 1034 3282 quod
1056 3167 1174 3278 prior
1204 3185 1374 3276 augetur
1403 3167 1468 3252 vel
1497 3167 1737 3253 diminuitur
1773 3168 1814 3252 io
1843 3166 1990 3251 eadem

425 3299 585 3385 ratione
604 3320 698 3381 curn
717 3291 954 3408 posteriore,
983 3293 1046 3378 vel
1073 3315 1170 3376 cum
1186 3289 1272 3398 ejus
1291 3291 1514 3401 reciproca.
1571 3286 1626 3376 Et
1655 3289 1843 3374 saeorum
1859 3289 1990 3400 aliqua

425 3429 581 3516 dicatur
604 3423 685 3511 esse
710 3444 757 3510 ut
784 3421 874 3506 sunt
894 3419 981 3504 aliae
999 3405 1092 3504 du'ae
1114 3418 1176 3502 vel
1197 3419 1330 3528 plures
1355 3411 1509 3500 diresle
1538 3417 1603 3498 vel
1631 3414 1815 3499 inverse:
1858 3413 1990 3498 sensus

242 3641 249 3656 ,
427 3557 498 3654 est,
525 3552 641 3666 quod
658 3551 787 3662 prima
811 3568 981 3658 augetur
1010 3546 1073 3630 vel
1099 3542 1339 3628 diminuitur
1367 3543 1409 3625 in
1432 3540 1589 3624 ratione
1615 3563 1707 3649 quae
1726 3539 1994 3648 componitur

426 3707 483 3766 ex
511 3674 733 3762 rationibus
759 3673 801 3756 in
820 3674 966 3785 quibus
985 3671 1072 3754 aliae
1099 3669 1161 3750 vel
1189 3667 1352 3749 aliarum
1384 3666 1606 3775 reciprocae
1627 3683 1824 3770 augentur
1844 3665 1908 3747 vel
1930 3661 1993 3746 di·

426 3803 678 3892 minuuntur.
733 3795 790 3882 Ut
821 3799 849 3881 sr
879 3795 1093 3881 Adicatur
1118 3789 1260 3876 esseut
1280 3787 1314 3872 B
1338 3787 1491 3875 diresle
1518 3787 1784 3874 &Cdiresie
1807 3785 1992 3870 &Din-
2137 3797 2145 3812 ·

427 3933 564 4020 verse:
594 3927 725 4014 sensus
747 3925 818 4025 est,
854 3922 970 4038 qood
989 3923 1030 4004 A
1051 3939 1220 4028 augetur
1238 3916 1301 4000 vel
1324 3914 1564 4002 diminuitur
1590 3916 1633 4000 in
1661 3911 1805 3998 eadem
1833 3913 1991 3996 ratione

360 4131 366 4142 ’
428 4095 579 4216 cumb
603 4119 697 4213 xC
724 4143 754 4208 nt
776 4081 930 4272 -ss-boc
951 4113 1020 4216 esi,
1046 4111 1160 4228 quod
1182 4111 1221 4197 A
1241 4039 1384 4260 ἀξέ-
1397 4107 1486 4194 sunt
1508 4105 1559 4192 ad
1578 4106 1756 4192 invicem
1775 4105 1816 4188 in
1835 4102 1996 4188 ratione

429 4318 535 4406 data.

938 4425 1317 4522 LEMMA
1392 4419 1472 4515 Xl.

426 4615 639 4746 Subtenso
676 4621 929 4742 evanescens
958 4607 1106 4746 anguli
1140 4603 1376 4725 comasius,
1423 4603 1471 4704 in
1500 4599 1641 4702 errror's
1672 4597 1864 4699 omnibus
1890 4629 1993 4694 cur·

401 4827 403 4833 ·
496 4807 709 4883 naturam
729 4769 920 4908 finitam
951 4765 1020 4866 ad
1036 4763 1255 4905 pandum
1290 4757 1507 4861 contaisus
1538 4753 1807 4881 habentibus,
1846 4747 1991 4885 estul-

497 4934 603 5038 timo
630 4934 677 5036 in
700 4929 870 5032 ratione
893 4921 1120 5066 duplicata
1129 4917 1341 5047 subtensae
1365 4951 1492 5018 arcus
1516 4908 1784 5012 contermini.
1856 4947 1860 4960 ·

1906 5077 2004 5192 ear.
2209 5115 2210 5122 ψ
