4352 5646
454 337 553 430 400
716 297 1244 400 PHILOSOPHIAE
1291 296 1744 400 NATURALIS

242 477 289 539 Du
308 481 422 539 stanni

247 563 428 626 Srstenare

608 619 1071 718 PROPOSITIO
1113 617 1200 718 Vl.
1301 619 1738 716 THEOREMA
1787 611 1871 716 VI.

459 807 652 944 Corpora
679 801 826 900 omnia
850 800 896 896 r'n
915 797 1121 935 planetas
1165 797 1325 933 angulos
1357 798 1606 932 grauitate,
1645 798 1706 904 ἔθ’
1729 799 1928 938 pondera
1950 839 2034 902 eo-

527 996 627 1056 rnna
646 957 692 1053 in
722 954 904 1054 eandem
934 951 1131 1087 quemvis
1153 951 1405 1088 planetam,
1428 954 1611 1090 paribus
1630 954 1843 1087 distantiis
1867 995 1897 1054 a
1920 996 2030 1058 cen-

528 1143 595 1210 tro
618 1111 829 1250 planeta,
858 1107 1213 1245 proportionalia
1248 1107 1332 1242 effe
1358 1107 1603 1244 quantitati
1636 1113 1834 1211 materia
1869 1114 1918 1214 in
1928 1117 2031 1250 fin-

520 1269 648 1404 gulos.

512 1479 738 1567 Descensus
767 1477 951 1585 gravium
984 1475 1167 1560 omnium
1204 1479 1245 1560 in
1272 1493 1422 1560 terram
1452 1478 1639 1589 (dempta
1667 1477 1805 1568 saltem
1839 1485 2029 1599 inaequali

455 1609 733 1694 retardatione
764 1629 856 1717 quae
888 1630 941 1686 ex
976 1603 1074 1685 airis
1104 1603 1325 1715 perexigua
1362 1606 1579 1692 resistentia
1617 1609 1769 1722 oritur)
1809 1615 2030 1724 aequalibus

458 1737 715 1850 temporibus
734 1733 837 1828 fieri,
857 1728 1102 1838 jamdudum
1137 1728 1399 1814 observarunt
1422 1735 1516 1830 ellit
1542 1733 1595 1818 -&
1624 1737 1920 1824 accuratissime
1940 1743 2031 1853 qui-

458 1867 555 1949 dem
586 1882 728 1948 notare
764 1861 859 1942 licet
886 1857 1155 1968 aequalitatem
1193 1877 1430 1968 temporum
1459 1862 1501 1944 in
1532 1863 1730 1974 pendulis.
1800 1861 1910 1951 Rem
1942 1887 2030 1953 ten-

458 1993 540 2072 tavi
563 1990 605 2075 in
626 2013 739 2084 auro,
767 2006 952 2092 argento,
973 1983 1165 2093 plumbo,
1203 1985 1326 2081 virro,
1362 2012 1496 2086 arena,
1530 1991 1607 2074 sale
1633 1993 1863 2092 communi,
1903 1995 2032 2104 ligno,

458 2142 574 2228 aqua,
606 2115 757 2198 tritico.
812 2106 1112 2218 Comparabam
1144 2108 1314 2218 pyxides
1333 2109 1430 2194 duas
1449 2114 1599 2224 ligneas
1619 2116 1817 2201 rotundas
1837 2115 1881 2199 u
1900 2143 2031 2232 arqua-

457 2243 527 2326 les.
591 2238 723 2324 Unam
761 2234 981 2346 implebam
1019 2231 1144 2340 ligno,
1184 2231 1227 2314 dt
1265 2235 1378 2317 idem
1413 2239 1499 2321 auri
1536 2237 1697 2348 pondus
1732 2241 2027 2353 suspendebam

459 2369 600 2480 (quam
633 2363 749 2478 potui
778 2357 936 2470 exade)
971 2357 1012 2442 in
1045 2359 1206 2442 alterius
1244 2381 1389 2444 centro
1429 2362 1700 2450 oscillationis.
1771 2366 1951 2477 Pyxides
1980 2368 2029 2452 ab

460 2493 678 2608 aequalibus
711 2489 864 2598 pedum
898 2483 1089 2568 undecim
1117 2481 1192 2568 filis
1226 2485 1466 2594 pendentes,
1503 2489 1797 2576 constituebant
1833 2494 2032 2604 pendula,

457 2619 596 2736 quoad
616 2617 789 2730 pondus,
818 2614 1000 2722 figuram,
1021 2609 1064 2694 u
1084 2611 1186 2693 a'e'ris
1213 2612 1473 2698 resistentiam
1497 2617 1667 2702 omnino
1690 2619 1820 2728 paria:
1851 2619 1896 2702 dt
1916 2623 2031 2731 pari·

458 2751 534 2833 bus
569 2741 897 2834 oscillationibus,
921 2739 1036 2845 juxta
1069 2736 1223 2847 posrtae‚
1252 2740 1363 2823 ibant
1393 2767 1473 2824 una
1496 2739 1538 2824 δι
1572 2743 1757 2828 redibant
1791 2743 2059 2832 diutiffime..

457 2871 639 2956 Proinde
668 2869 795 2977 copia
824 2864 1004 2946 matetiae
1039 2863 1081 2945 in
1119 2888 1219 2947 auro
1254 2869 1344 2975 (per
1373 2869 1501 2952 corol.
1540 2897 1572 2955 1.
1613 2871 1655 2954 dt
1689 2877 1726 2954 6.
1760 2897 1877 2983 prop.
1908 2899 2031 2960 xxrv.

459 2994 524 3079 lib.
545 2993 609 3104 ll.)
637 3007 723 3074 crat
742 2989 793 3074 ad
814 2987 976 3096 copiam
1001 2985 1181 3068 materiae
1201 2985 1243 3070 in
1265 2988 1391 3098 ligno,
1419 3010 1464 3072 ut
1485 2992 1544 3076 vis
1563 2994 1749 3078 motricis
1768 2993 1873 3079 adio
1905 2996 1947 3080 in
1965 3015 2029 3079 to·

459 3142 547 3204 tum
575 3143 716 3203 aurum
736 3113 787 3200 ad
816 3111 996 3222 ejusdem
1015 3109 1218 3196 asiionem
1242 3113 1285 3197 in
1310 3133 1444 3197 totum
1464 3117 1648 3224 lignum;
1677 3119 1759 3202 hoc
1780 3119 1850 3218 ess,
1870 3137 1915 3202 ut
1926 3141 2028 3230 pon·

458 3249 534 3334 dus
556 3246 606 3332 ad
630 3243 802 3357 pondus.
857 3235 913 3322 Et
932 3237 985 3322 stc
1008 3236 1050 3322 in
1079 3239 1248 3322 caeteris.
1304 3237 1348 3323 ln
1371 3244 1613 3351 corporibus
1631 3243 1816 3352 ejusdem
1837 3242 2027 3356 ponderis

457 3371 689 3482 differentia
716 3365 910 3464 materiae‚
939 3389 1033 3477 quse
1056 3365 1120 3448 vel
1141 3365 1275 3448 minor
1304 3363 1401 3450 esset
1418 3391 1541 3480 quam
1561 3396 1650 3480 pars
1672 3371 1884 3456 millesrma
1904 3395 2028 3456 mate·

456 3507 527 3592 riae
547 3504 686 3598 totius,
713 3499 774 3584 his
796 3491 1085 3606 experimentis
1106 3491 1316 3577 manifesto
1336 3493 1590 3604 deprehendi
1608 3498 1759 3608 potuit.
1811 3497 1906 3608 Jatn
1929 3523 2027 3584 vero

454 3651 641 3716 naturam
666 3626 871 3738 gravitatis
891 3623 933 3706 in
957 3621 1134 3732 planetas
1162 3621 1335 3706 eandem
1356 3617 1435 3706 effe
1457 3643 1580 3736 atque
1603 3625 1646 3708 in
1675 3645 1840 3722 terram,
1867 3623 2031 3709 nonest

457 3755 655 3839 dubium„
697 3748 860 3834 Elevari
895 3747 1005 3829 enim
1042 3745 1244 3854 fingantur
1270 3773 1448 3858 corpora
1474 3750 1564 3833 haec
1592 3751 1791 3834 terrestria
1816 3747 1867 3832 ad
1897 3747 2030 3860 usque

451 3883 601 3966 orbem
633 3880 753 3973 lunae,
788 3874 1052 3958 &unacum
1087 3873 1181 3956 luna
1215 3893 1333 3958 motu
1359 3875 1474 3961 omni
1505 3877 1658 3988 privata
1691 3875 1862 3971 demitti,
1904 3895 1951 3960 ut
1983 3877 2028 3963 in

455 4033 608 4096 terram
634 4005 747 4088 srmul
767 4002 943 4097 cadant;
974 3999 1109 4110 &per
1128 3999 1209 4110 jam
1230 4022 1323 4088 ante
1346 3999 1497 4088 ostensa
1521 4025 1684 4088 certum
1710 4003 1764 4086 eli
1787 4001 2026 4115 quodtem·

457 4133 626 4246 potibus
649 4130 867 4244 aequalibus
884 4125 1115 4212 describent
1137 4129 1303 4241 aequalia
1322 4128 1445 4242 spatia
1464 4155 1559 4214 cum
1576 4133 1683 4226 luna,
1709 4129 1892 4242 ideoque
1912 4129 2022 4241 quod

455 4261 544 4347 suat
565 4259 614 4340 ad
637 4257 903 4369 quantitatem
919 4254 1099 4338 materiae
1114 4255 1155 4338 in
1177 4259 1282 4353 luna,
1296 4276 1342 4338 ut
1358 4255 1540 4365 pondera
1559 4256 1626 4339 sua
1644 4255 1696 4339 ad
1717 4254 1836 4366 ipsius
1853 4253 2023 4366 pondus.

456 4383 590 4465 Porro
610 4381 803 4494 quoniam
833 4381 1018 4464 satellites
1037 4381 1144 4488 jovis
1173 4383 1425 4492 temporibus
1450 4383 1716 4465 revolvuntur
1741 4403 1835 4492 quat
1861 4377 1948 4462 sunt
1977 4381 2023 4460 in

455 4509 613 4592 ratione
639 4507 911 4618 sesquiplicata
935 4506 1250 4591 distantiaruma
1276 4527 1421 4592 centro
1442 4505 1569 4615 jovis,
1594 4525 1876 4592 erunteorum
1896 4502 2026 4613 gravi·

430 4727 435 4734 ,
456 4653 557 4718 tat—es
570 4631 871 4717 acceleratrices
884 4633 924 4715 in
941 4633 1081 4740 jovem
1095 4635 1306 4745 reciproce
1321 4654 1368 4718 ut
1381 4632 1577 4750 quadrata
1592 4633 1873 4718 distantiarum
1892 4658 1916 4715 a
1934 4655 2025 4714 cen·

456 4783 522 4846 tro
537 4759 665 4867 jovis3
698 4755 738 4838 u
758 4777 973 4868 propterea
991 4761 1032 4842 in
1053 4757 1628 4870 aequalibusajovedislantiis,
1648 4783 1795 4841 eorum
1808 4756 2025 4863 gravitates

453 4887 756 4970 acceleratrices
779 4884 999 4968 evaderent
1019 4889 1202 4996 aequales.
1270 4885 1450 4970 Proinde
1471 4886 1724 4996 temporibus
1739 4883 1960 4995 aequalibus
1972 4880 2022 4962 ab

454 5013 673 5126 equalibus
688 5013 965 5102 altitudinibus
981 5012 1182 5116 cadendo,
1200 5013 1476 5100 describerent
1490 5015 1658 5128 aequalia
1675 5013 1823 5125 spatia3
1854 5003 2025 5123 perinde

1918 5217 1921 5222 .
1977 5153 2028 5220 ut
