4344 5648
452 261 1498 366 intuctutthTMth'ttoA
1682 295 1776 422 ³07

263 439 386 530 Circi.
408 469 442 540 3.
469 437 526 525 Et
545 437 689 526 uniuet
692 438 839 535 saliret,
863 437 1125 526 firesderrtia
1150 433 1227 519 lit
1217 460 1258 520 tn
1272 435 1480 545 triplicata
1499 435 1565 518 uel
1590 433 1662 518 alia
1676 461 1810 576 qua-S

203 573 266 655 vis
291 569 449 654 ratione
469 566 709 660 velocitatis,
738 559 970 649 differentia
986 562 1064 646 erit
1091 563 1134 648 in
1151 563 1296 646 eadem
1317 563 1476 646 tatione
1494 585 1612 644 arcus
1630 562 1777 644 totius:

207 695 252 780 dr
270 715 426 778 contra.

261 817 445 924 Corum
476 813 581 902 Etsi
606 815 824 902 resistentia
855 814 901 898 stt
924 813 1134 923 partimin
1160 815 1317 898 ratione
1346 812 1516 926 stmplici
1539 813 1782 918 velocitatis,

205 944 356 1052 partim
378 943 420 1027 in
440 941 622 1082 equdem
642 943 800 1025 ratione
822 939 1039 1081 duplicata,
1069 935 1300 1023 differentia
1319 937 1396 1022 erit
1417 938 1566 1049 partim
1588 939 1630 1022 in
1659 939 1781 1029 ratio·

205 1091 260 1152 ne
290 1093 407 1154 arcus
431 1067 558 1152 totius
586 1067 630 1152 dt
663 1065 874 1180 partimin
900 1062 985 1170 ejus
1006 1065 1164 1148 ratione
1186 1063 1416 1172 duplicata:
1455 1061 1675 1149 decontra.
1702 1060 1779 1153 Ea·

206 1191 307 1276 dem
335 1193 413 1276 erit
437 1194 504 1278 lex
523 1190 567 1274 δι
586 1193 698 1318 ratio
721 1189 949 1274 refillentiae
976 1189 1052 1300 pro
1072 1189 1305 1284 uelocitate,
1331 1212 1425 1300 quae
1452 1187 1510 1272 ell
1537 1184 1780 1281 differentia

208 1313 312 1400 illius
330 1339 407 1426 pro
430 1297 688 1431 longitudine
707 1341 834 1398 arcus.

266 1439 390 1524 Coros.
419 1469 454 1542 ς.
492 1441 673 1556 Ideoque
703 1440 748 1536 st,
779 1439 958 1556 pendulo
986 1437 1226 1552 inequales
1235 1463 1354 1525 arcus
1380 1433 1600 1526 tucceffive
1630 1431 1781 1535 descri

206 1561 391 1660 bente,
379 1567 553 1652 inueniri
588 1564 720 1676 potest
753 1566 858 1650 ratio
888 1564 1132 1654 incrementi
1154 1588 1201 1650 ac
1239 1560 1515 1649 decrementi
1535 1547 1778 1653 differente

208 1685 325 1794 huius
356 1712 433 1797 pro
455 1690 714 1802 longitudine
743 1715 859 1774 arcuo
879 1687 1101 1800 descripti,
1132 1666 1354 1772 habebitur
1373 1683 1496 1794 etiarn
1523 1685 1627 1785 tatio
1648 1685 1782 1790 ‚iucre-

208 1812 338 1898 menti
357 1839 403 1898 ac
425 1814 679 1902 decrementi
699 1813 929 1900 restlbntiae
958 1839 1045 1926 pto
1059 1789 1285 1926 velocitate
1297 1837 1359 1902 ma
1359 1809 1458 1926 jore
1453 1809 1533 1897 uel
1550 1809 1723 1912 muno

739 2035 958 2164 Schobtrm
993 2035 1224 2134 Generole.
1438 2009 1643 2084 '··'·-'
1696 2012 1708 2060 2
1768 2013 1773 2061 z

262 2187 328 2284 Er
357 2201 419 2285 his
445 2155 838 2316 propositionibus,
841 2221 915 2330 per
951 2182 1231 2290 oscillationes
1250 2152 1572 2322 penduiorum
1556 2161 1603 2284 tn
1635 2198 1782 2289 ntedlls

209 2324 532 2440 quibuscunque,
560 2322 746 2412 invenlse
765 2327 861 2412 licet
881 2321 1141 2411 resistentiam
1161 2314 1406 2410 mediorum
1461 2323 1582 2409 Aeris
1603 2347 1703 2408 veto
1720 2349 1782 2416 re·

210 2441 422 2535 fillentiaro
449 2453 686 2563 investigavi
707 2477 780 2564 per
807 2453 1090 2564 experimenta
1113 2449 1361 2564 sequentia.
1390 2447 1576 2538 Globum
1597 2451 1780 2564 ligneum

208 2575 396 2684 pondere
426 2578 639 2663 unciarum
669 2577 939 2662 Romanarum
969 2589 1084 2681 57-2-,
1123 2575 1328 2661 diametro
1370 2573 1598 2695 digitorum
1634 2575 1782 2672 Londi-

209 2699 377 2806 ntnstam
399 2711 445 2796 64
471 2700 727 2802 fabricatum,
761 2685 832 2789 tilo
860 2706 972 2791 tenui
1000 2703 1049 2790 ab
1083 2729 1193 2788 unco
1209 2701 1317 2786 satis
1335 2701 1456 2788 lltmo
1485 2685 1688 2813 suspendi,
1724 2700 1783 2788 ite

210 2843 257 2909 ur
285 2825 395 2912 inter
412 2851 565 2914 uncum
584 2830 630 2915 &
656 2847 844 2917 centrum
854 2831 1126 2921 oscillationis
1153 2807 1264 2940 globi
1289 2825 1473 2914 distentia
1496 2817 1599 2914 esset
1625 2823 1783 2942 pedoni

212 2961 297 3042 toi.
350 2949 395 3039 ln
414 2951 485 3040 filo
504 2953 699 3068 pontium
727 2961 866 3043 notavi
893 2955 1065 3071 pedibus
1096 2954 1243 3040 decern
1270 2953 1313 3038 ἃ
1342 2955 1462 3039 uncia
1484 2974 1606 3040 unae
1632 2964 1779 3040 centro

209 3071 471 3190 suspensionis
500 3079 672 3183 distens3
703 3083 747 3169 de
766 3113 789 3172 e
808 3085 977 3198 regione
1004 3077 1145 3196 pondi
1169 3079 1275 3168 illius
1303 3079 1504 3164 collocavi
1530 3079 1713 3190 regulam
1739 3079 1784 3170 in

208 3203 360 3318 digitos
379 3205 620 3310 diffindam,
647 3237 826 3324 quorum
850 3215 931 3324 ope
952 3230 1139 3310 notarem
1157 3205 1433 3316 longitudines
1451 3201 1620 3293 arcuum
1641 3233 1664 3288 a
1686 3224 1787 3314 pen·

210 3325 310 3450 dulo
344 3331 577 3443 descriptas.
644 3331 811 3418 Deinde
839 3335 1049 3424 numerari
1074 3329 1342 3416 oscillationes
1368 3331 1515 3443 quibus
1543 3330 1687 3440 globus
1711 3353 1795 3414 oc·-

210 3471 344 3540 tavam
374 3479 509 3542 motus
544 3459 604 3541 sui
637 3477 796 3569 partem
829 3459 1046 3542 amitteret.
1096 3453 1154 3538 ·Si
1186 3455 1411 3565 pendulum
1444 3453 1728 3541 deducebatur
1756 3475 1781 3538 a

208 3581 508 3693 perpendiculo
532 3583 583 3668 ad
611 3579 838 3668 distantiam
868 3584 1047 3668 duorum
1068 3581 1308 3694 digitorum,
1344 3581 1387 3664 dc
1411 3579 1511 3665 inde
1540 3580 1783 3667 demitteba-

208 3725 304 3804 tur3
332 3708 388 3791 ita
408 3727 453 3794 ut
480 3726 572 3794 toto
595 3707 668 3793 suo
688 3708 882 3794 descensu
906 3707 1156 3794 describeret
1177 3731 1319 3792 arcum
1337 3706 1517 3792 duorum
1540 3704 1782 3818 digitorum,

207 3849 377 3947 totaque
404 3833 653 3922 oscillatione
667 3835 809 3947 prima,
836 3861 889 3922 ex
910 3833 1105 3919 descensu
1126 3831 1170 3918 δι
1194 3831 1356 3917 ascensu
1381 3830 1648 3945 subsequente
1668 3831 1783 3920 com'·

209 3958 349 4068 posita,
382 3983 523 4046 arcum
544 3961 770 4072 digitorum
801 3965 888 4046 fere
919 3981 1120 4073 quatuor:
1157 3957 1268 4042 idem
1296 3949 1616 4047 oscitationibus'
1641 3962 1716 4062 164
1742 3977 1782 4040 a'·

210 4083 315 4168 mist
337 4083 519 4171 odavam
552 4107 688 4172 motus
713 4085 772 4171 lui
798 4103 970 4195 partem,
1006 4082 1059 4168 fic
1087 4103 1131 4168 ut
1161 4083 1308 4167 ultimo
1332 4079 1409 4171 suo
1440 4079 1605 4165 ascensu
1633 4077 1782 4164 descri-

210 4208 328 4296 beret
362 4237 502 4296 arcum
535 4211 655 4322 digiti
692 4212 812 4296 unito
840 4226 937 4294 cunt
974 4209 1104 4294 tribur
1133 4207 1314 4317 pattibtts
1341 4207 1495 4325 quartis
1536 4203 1668 4314 digiti.
1736 4205 1781 4293 Si

209 4338 345 4444 primo
377 4337 572 4424 descensu
592 4337 811 4450 'descripsit
842 4361 983 4422 arcum
1022 4333 1250 4442 digitorum
1277 4355 1453 4446 quatuor
1469 4369 1489 4430 ς]
1516 4330 1646 4416 amisit
1672 4331 1782 4417 odia-

208 4479 301 4544 ram
331 4481 471 4548 motus
495 4485 654 4574 portem
683 4455 998 4550 oscilhtionibus
1030 4485 1119 4556 ιιι,
1146 4458 1201 4541 itt
1221 4477 1267 4541 ut
1286 4451 1783 4553 ascensu‘ultirnodescti·

211 4581 327 4668 beret
348 4613 486 4672 arcum
517 4587 744 4698 digitorum
774 4598 832 4690 34.
887 4585 929 4670 Si
949 4583 1084 4697 primo
1111 4579 1534 4696 descensudescripstt
1558 4609 1700 4668 arcum
1724 4580 1785 4666 di·

208 4711 391 4820 gitorum
423 4711 533 4812 otio,
566 4713 789 4810 sexdecno,
824 4713 990 4823 triginta
1031 4711 1211 4796 duorum
1250 4709 1316 4792 vel
1345 4707 1549 4817 sexaginte
1580 4729 1781 4820 quatuor;

209 4837 338 4921 amisit
374 4839 555 4924 odavam
576 4859 712 4926 motus
741 4860 899 4951 partem
926 4836 1239 4925 oscillationibus
1265 4843 1421 4945 69351„
1451 4835 1536 4932 18÷,
1567 4841 1628 4941 9÷,
1655 4832 1784 4944 respe-

209 4959 325 5048 tuve.
381 4960 507 5073 igitur
527 4961 758 5051 differentia
777 4967 884 5050 inter
910 4988 1026 5048 arcus
1051 4960 1249 5047 descensu
1273 4962 1409 5073 primo
1434 4959 1483 5045 dt
1505 4955 1785 5044 escensuulti-

1010 5083 1143 5172 stre
1715 5107 1790 5208 nto

344 5223 397 5266 s

1839 437 1967 496 Lratu

1794 516 1921 578 Strtllc
1904 530 2009 574 onitu
