4344 5648
16 909 23 1082 t

16 1361 18 1410 r

16 1411 19 1560 i

229 406 255 468 D

452 245 551 344 282
720 247 1251 344 PHILOSOPHIAE
1288 244 1751 348 NATURALIS

449 545 594 630 srtione
613 545 833 655 superiore.

502 669 760 756 Methodum
789 698 889 756 vero
920 669 1116 757 tradendi
1148 671 1236 756 haec
1267 669 1519 782 problemata
1542 671 1681 782 aperui
1708 669 1751 754 in
1780 670 1897 780 hujus
1924 697 2020 784 pro-

447 795 650 908 posrtione
678 799 851 896 decima,
880 798 922 882 δε
951 801 1142 883 lemmate
1170 796 1387 892 secundoe
1426 795 1469 880 δε
1497 797 1763 882 letiorem'in
1790 799 2020 907 hujusmodi

289 929 296 940 ’
447 922 648 1030 perplexis
677 923 1019 1037 disquisitionibus
1039 925 1191 1009 diutius
1210 923 1397 1010 detinere
1421 923 1532 1008 noio.
1587 923 1795 1010 Addenda
1820 923 1901 1033 jam
1929 927 2019 1012 sunt

446 1045 576 1156 aliqua
597 1048 650 1130 de
670 1048 820 1132 viribus
845 1076 1068 1161 corporum
1097 1051 1148 1132 ad
1181 1047 1548 1160 progrediendum,
1584 1049 1721 1159 deque
1748 1047 1946 1131 densnate
1974 1048 2018 1130 δι

447 1169 663 1254 resistentia
682 1172 928 1272 mediorum,
955 1175 1163 1287 inquibus
1186 1193 1322 1260 motus
1350 1173 1541 1258 haetenus
1568 1172 1743 1288 expositi
1771 1173 1812 1256 dc
1842 1175 1901 1258 his
1931 1171 2017 1259 affi-

447 1319 518 1381 nes
541 1316 803 1410 peraguntur.

957 1559 1053 1652 SE
1091 1559 1134 1654 C
1171 1555 1221 1655 T
1258 1558 1276 1652 1
1315 1561 1361 1656 O
1432 1555 1497 1656 V.

488 1747 566 1850 De
590 1748 799 1878 densttate
818 1746 880 1856 Εἴ
904 1751 1208 1892 compreffione
1226 1751 1484 1880 fluidorum,
1508 1747 1650 1887 deque
1673 1749 1979 1884 hydrutatica.

1027 2025 1250 2131 Definitio
1277 2027 1436 2128 Fluidi.

502 2210 546 2293 F
542 2211 690 2296 luidurn
709 2209 761 2323 est
782 2227 921 2320 corpus
938 2237 1058 2308 omne,
1088 2215 1205 2326 cujus
1221 2227 1368 2323 partes
1398 2207 1541 2293 cedunt
1564 2208 1624 2288 vi·
1640 2207 1857 2324 cuicunque
1876 2211 2015 2308 illata,

448 2331 490 2418 ὅ
512 2335 675 2420 cedendo
683 2337 811 2443 facile
828 2354 1039 2419 moventur
1064 2337 1173 2424 iuter
1181 2343 1242 2446 se.

561 2611 1025 2707 PROPOSITIO
1060 2615 1190 2708 XIX.
1281 2603 1712 2707 THEOREMA
1750 2600 1879 2702 XlV.

445 2783 591 2883 Fluidi
620 2786 866 2922 homogenei
889 2787 950 2894 ἐφ’
973 2789 1159 2914 immoti,
1194 2787 1318 2924 quod
1344 2786 1391 2885 in
1422 2790 1526 2906 vase
1550 2815 1806 2916 quocunque
1840 2778 2013 2881 immoto

517 2933 828 3042 clauditur&
862 2938 1054 3074 undique
1085 2938 1405 3080 comprimitur,
1441 2958 1597 3068 partes
1629 2965 1771 3027 omnes
1801 2932 2014 3064 (stpostta

513 3090 867 3216 condensatiouis,
887 3093 1143 3224 gravitatis,
1179 3094 1240 3200 ΕΦ
1261 3091 1430 3193 virium
1453 3083 1646 3186 omnium
1666 3083 2014 3219 centripetarum

512 3241 877 3375 confideretioue)
904 3245 1137 3379 aqualiter
1153 3272 1424 3386 premuntur
1450 3235 1661 3370 undique,
1701 3231 1759 3338 Εἴ
1767 3231 1869 3366 stne
1897 3237 2013 3334 omm'

510 3425 627 3496 motu
653 3435 682 3494 a
696 3400 914 3533 preffione
944 3400 1025 3498 illa
1049 3429 1139 3500 orto
1160 3421 1431 3541 permanent
1459 3389 1505 3486 in
1533 3383 1632 3484 locis
1642 3386 1753 3510 suis.

497 3637 589 3744 Cas
605 3666 638 3720 1.
673 3637 827 3727 invase
858 3643 1055 3753 sphaerico
1083 3649 1131 3730 A
1148 3647 1237 3733 BC
1256 3645 1462 3733 claudatur

442 3759 778 3848 &uniformiter
811 3769 1105 3878 comprimatur
1134 3773 1310 3859 fluidum
1344 3769 1463 3854 undi-

438 3909 548 3996 que:
587 3885 685 3971 dico
713 3889 827 4000 quod
863 3889 1041 3998 ejusdem
1070 3921 1159 4007 pars
1187 3901 1293 3984 nulla
1318 3922 1371 3982 ex
1397 3897 1463 3980 illa
1744 3987 1751 4006 ‚¹

437 4001 643 4124 preisrone
664 4016 908 4102 movebitur.
962 4015 1067 4107 Nam
1093 4023 1230 4136 fipars
1253 4023 1384 4134 aliqua
1409 4023 1462 4106 D
1608 4015 1657 4124 111,
1741 4007 1795 4136 „ip

435 4155 665 4236 moueatur,
706 4135 865 4227 necesse
891 4145 948 4230 est
981 4165 1026 4232 ut
1058 4175 1200 4236 omnes
1230 4147 1462 4260 hujusmodi

436 4285 586 4370 partes,
614 4265 664 4351 ad
686 4264 857 4352 eandem
885 4299 906 4356 a
931 4294 1077 4360 centro
1096 4277 1324 4364 distantiam
1346 4278 1460 4364 undi·
1629 4275 1688 4386 1).
1940 4269 1989 4431 ,1)

433 4410 515 4496 que
535 4389 808 4488 consistentes,
838 4391 953 4480 fiinili
982 4416 1098 4484 motu
1131 4401 1242 4490 simul
1270 4367 1532 4491 movean·B

434 4529 533 4607 tur;
565 4532 687 4626 atque
715 4517 795 4600 hoc
828 4517 925 4603 ideo
956 4524 1052 4634 quia
1078 4526 1212 4614 similis
1232 4529 1275 4614 dr
1298 4534 1460 4646 aequalis

432 4635 489 4718 est
521 4639 706 4724 omnium
732 4641 894 4750 predio,
924 4645 965 4731 &
997 4671 1133 4738 motus
1158 4658 1292 4742 omnis
1319 4662 1455 4746 exciu-

431 4759 494 4843 sus
514 4759 766 4872 supponitur,
793 4768 866 4852 nisr
892 4773 963 4883 qui
993 4803 1014 4858 a
1041 4777 1244 4886 preffione
1266 4784 1332 4870 illa
1355 4789 1522 4877 oriatur.
1582 4797 1713 4910 Atqui
1734 4825 1819 4886 non
1842 4798 2001 4912 poffunt

429 4906 572 4969 omnes
600 4885 650 4974 ad
675 4907 863 4977 centrum
884 4899 1051 5011 propius
1078 4903 1291 5010 accedere,
1319 4911 1391 4998 nisi
1420 4913 1593 5008 fluidum
1614 4923 1666 5010 ad
1686 4945 1878 5014 centrum
1904 4953 2001 5011 con-

1788 5047 2001 5148 densetur;

1734 3709 1770 3776 Α
