4344 5648
428 247 826 348 extructius
873 243 1470 350 MAT‘HEMATrcn.
1657 285 1757 384 295

14 395 31 480 ’ἕ
173 445 229 506 ex
250 442 383 532 aquo,
411 417 559 529 prellro
581 443 661 530 qua
679 417 922 532 quadratum
952 416 1053 502 DB
1075 435 1197 526 urget
1224 416 1414 517 fluidum,
1442 419 1749 531 ell'adprellio

18 555 29 608 ἲ
172 572 273 629 nem
295 571 374 658 qua
387 544 630 658 quadrarunt
650 544 679 626 d
686 549 709 624 b
723 564 842 652 urget
860 542 1054 641 fluidum,
1080 565 1126 628 ut
1147 549 1206 628 ab
1225 547 1276 631 ad
1297 545 1394 628 AB.
1454 547 1582 630 Planis
1604 547 1645 628 F
1650 549 1689 629 G
1697 546 1755 644 H,

1818 419 1957 480 Ltntn‘

1769 500 1988 562 Secunout.

161 667 279 779 flgh,
306 693 379 777 per
398 667 533 754 media
552 667 755 751 cuborum
775 665 921 762 duciis,
951 665 1218 778 distinguatur
1238 670 1411 756 fluidum
1429 671 1471 754 in
1489 673 1584 754 duas
1611 693 1759 780 partes,
1828 771 1830 776 Ι

173 792 294 876 &lrae
306 793 346 876 se
361 814 507 877 mutuo
527 813 716 904 prement
734 791 878 878 iisdem
891 794 1208 906 viribus‚quibus
1226 815 1503 904 premuntura
1522 796 1646 907 planis
1667 797 1757 886 AG,

172 946 242 1016 ac,
272 919 354 1002 hoc
375 917 444 1014 est,
471 919 512 1001 in
534 919 804 1029 proportione
827 917 898 1001 ab·
916 918 968 1002 ad
996 917 1112 1004 AB:
1151 919 1333 1033 ideoque
1364 920 1471 1003 vires
1499 921 1755 1029 centrifugae,

170 1044 322 1154 quibus
345 1045 408 1126 lrae
436 1040 659 1152 prelfiones
681 1041 937 1138 sustinentur,
971 1041 1061 1125 sunt
1088 1043 1132 1126 in
1157 1043 1302 1128 eadem
1330 1046 1502 1128 ratione.
1562 1045 1629 1128 Ob
1655 1069 1754 1130 eun*

172 1167 275 1250 dem
295 1166 581 1280 particularum
608 1191 826 1250 numerum
853 1165 1106 1278 limilemque
1129 1166 1249 1251 situm
1270 1168 1312 1252 in
1341 1185 1521 1280 utroque
1542 1171 1665 1267 cubo,
1692 1171 1751 1254 via

169 1317 239 1375 res
274 1315 374 1402 quas
411 1291 631 1401 particula·
652 1317 795 1377 omnes
832 1290 1068 1376 secundum„
1094 1293 1212 1401 plana
1242 1292 1285 1374 F
1294 1293 1405 1392 GH,
1424 1293 1522 1408 fgb
1558 1313 1751 1378 exercent

169 1418 216 1501 in
246 1439 401 1510 omnes,
434 1414 523 1498 lunt
554 1434 600 1499 ut
627 1416 732 1500 vires
757 1441 857 1530 quas
888 1415 1278 1526 fingulaeexercent
1306 1419 1349 1502 in
1388 1420 1570 1527 singulas.
1636 1415 1751 1528 Ergo

169 1540 295 1639 vires,
322 1565 421 1653 quas
447 1537 609 1648 lingulae
635 1560 832 1626 exercent
857 1542 900 1627 in
925 1540 1095 1648 lingulas
1121 1540 1347 1626 secundum
1371 1544 1550 1654 planumr
1568 1544 1752 1634 FGHin

169 1665 287 1752 cubo
306 1664 473 1774 majore,
486 1664 589 1750 lunt
608 1667 804 1766 advises,
832 1691 931 1780 quas
956 1666 1120 1776 lingulae
1140 1690 1335 1754 exercent
1362 1670 1403 1752 in
1423 1668 1592 1778 lingulas
1610 1672 1751 1758 secun*

169 1791 277 1878 dum
296 1793 459 1903 planum
476 1789 571 1904 fgh
587 1791 628 1874 in
651 1790 762 1876 cubo
788 1792 965 1889 minore,
987 1811 1035 1877 ut
1055 1792 1112 1875 ab
1126 1791 1183 1877 ad.
1201 1791 1304 1890 AB,
1333 1793 1413 1878 hoc
1433 1793 1504 1889 est,
1534 1796 1749 1905 reciproce

168 1937 219 2001 ut
250 1915 447 2000 distantiae
465 1915 754 2026 particularum
773 1914 1035 2000 adinvicem.
1093 1913 1219 2031 QE.
1240 1918 1303 2000 D.

228 2038 285 2123 Et
302 2041 394 2124 uice
414 2038 538 2135 versa,
566 2037 721 2124 srvires
748 2040 1037 2150 particularum
1064 2040 1307 2148 singularum
1341 2040 1431 2124 sunt
1459 2043 1674 2153 reciproce
1700 2065 1758 2128 ut

173 2163 390 2260 dillantiae,
415 2162 459 2246 id
485 2161 556 2259 est,
583 2164 798 2273 reciproce
819 2184 865 2248 ut
891 2165 1095 2249 cuborum
1118 2165 1242 2248 latera
1265 2163 1367 2260 A&
1388 2165 1474 2262 aba
1503 2166 1670 2251 suntmae
1689 2172 1763 2252 vi··

170 2290 282 2376 rium
306 2305 426 2373 erunt
447 2287 488 2371 in
508 2285 652 2371 eadem
673 2287 846 2383 ratione,
872 2285 915 2370 ἃ
934 2286 1155 2398 preffrones
1177 2289 1349 2370 laterum
1370 2286 1474 2384 Da,
1503 2289 1561 2372 db
1582 2309 1625 2374 ut
1642 2290 1746 2376 sum.

171 2437 254 2498 mae
279 2409 455 2508 viriumr
484 2407 532 2493 &t
554 2407 708 2520 prellio
725 2408 914 2522 quadrati
934 2411 1038 2498 DP
1061 2410 1113 2495 ad
1141 2411 1385 2521 preffionetn
1424 2413 1556 2496 lateris
1579 2413 1681 2496 DB
1700 2437 1759 2500 ut·

170 2539 229 2620 ab
249 2537 365 2651 quad.
383 2536 435 2620 ad
461 2535 543 2618 AB
562 2535 679 2645 quad.
735 2531 806 2631 Et,
831 2561 886 2620 ex
904 2560 1039 2648 aequo,
1066 2534 1216 2647 prellto
1236 2537 1423 2648 quadrati
1441 2538 1538 2620 DP
1565 2537 1615 2621 ad
1640 2541 1748 2650 pres·

171 2659 326 2748 sionem
346 2659 480 2745 lateris
499 2659 556 2740 db
582 2685 627 2742 ut
649 2659 705 2740 ab
729 2658 811 2741 cub.
828 2658 880 2742 ad
899 2659 984 2740 AB
1006 2659 1089 2741 cub.
1117 2661 1159 2745 id
1180 2660 1250 2754 ell,
1279 2659 1338 2740 vis
1359 2657 1668 2770 compreffionis
1695 2665 1746 2748 ad

173 2781 644 2896 vimcomprelliouisut
663 2782 837 2869 densitas
855 2782 911 2868 ad
930 2781 1184 2871 densitatem.
1241 2781 1368 2905 QE.
1389 2783 1473 2868 D„
1509 2893 1519 2907 l
1578 2903 1580 2910 Ι

838 3035 1092 3142 satarum..

227 3283 355 3368 Simili
368 3283 671 3392 argumentost
691 3280 978 3390 particularum
994 3284 1100 3366 vires
1118 3279 1360 3389 centrifugae
1376 3279 1450 3364 sint
1471 3283 1685 3395 reciproce
1703 3283 1764 3369 iu⁴

172 3410 377 3520 duplicata
404 3411 561 3491 ratione
581 3404 856 3490 dillantiarurn
875 3405 982 3488 inter
1002 3425 1155 3500 centra,
1182 3403 1278 3488 cubi
1297 3405 1451 3488 virium·
1467 3411 1744 3518 comprimen

173 3533 276 3617 tiunr
303 3551 423 3615 erun-t
455 3551 500 3614 ut
535 3527 952 3644 quadrato-quadrata
979 3525 1255 3614 denfitatum..
1291 3527 1333 3612 Si
1365 3530 1470 3614 vires
1489 3535 1743 3644 ¹centrilugae

170 3653 246 3738 sant
284 3653 574 3765 reciprocein
603 3652 803 3762 triplicata
834 3653 899 3735 vel
929 3650 1419 3764 quadruplicatanarione
1454 3652 1744 3757 distantiarum,

170 3781 266 3866 cubi
288 3781 450 3865 virium·
469 3777 980 3888 comprimentiumeruot
1006 3797 1050 3860 ut
1076 3776 1493 3891 quadrato-cubiuel.
1519 3781 1744 3868 cubo-cubi

171 3903 427 3990 densrtatum.
484 3897 543 3984 Et.
562 3899 854 3996 universal-iter,
885 3902 915 3987 sr
945 3902 1184 4012 Dponatur
1211 3927 1288 4010 pro
1314 3899 1512 4002 distantia,
1532 3902 1581 3986 ,u
1608 3901 1743 4018 Epro

171 4025 374 4116 densitate
394 4025 512 4111 fluidi
535 4024 767 4135 comprelli,
794 4025 844 4110 &v
865 4026 984 4132 vires,
997 4025 1249 4132 centrilugae.
1268 4025 1356 4108 srnt·
1371 4026 1586 4135 reciproce
1606 4049 1651 4112 ut
1681 4029 1742 4112 di·

171 4170 324 4259 llantiae
341 4167 518 4276 dignitas
537 4166 729 4280 quaelibet
747 4163 816 4266 12⁰,
844 4167 956 4276 cujus
976 4168 1109 4254 index.
1131 4167 1187 4250 ell
1209 4191 1400 4250 numerus
1422 4195 1475 4266 κς
1504 4169 1610 4251 vires
1630 4189 1766 4254 com·

169 4313 391 4424 primentes
411 4325 532 4390 erunt
565 4327 610 4387 ut
629 4306 752 4389 latera
771 4306 916 4390 cubica
938 4305 1146 4413 dignitatis
1165 4293 1285 4401 ΕΗΓΖ,
1314 4305 1427 4412 cujus
1446 4303 1574 4426 index
1594 4303 1651 4386 ell
1670 4327 1743 4390 nu·

170 4461 305 4519 merus
335 4437 440 4540 n-laa
456 4427 541 4514 :dc
563 4451 726 4513 contra·
772 4426 1038 4538 Intelligenda
1058 4455 1158 4512 vero
1191 4430 1280 4513 sunt
1307 4429 1395 4510 haec
1424 4428 1562 4512 omnia
1580 4427 1633 4512 de
1652 4453 1743 4541 par-

171 4561 385 4644 ticularum
401 4555 553 4641 viribus
573 4552 812 4662 centrilugis
833 4579 926 4666 quae
945 4555 1213 4639 terminantur
1236 4555 1277 4637 in
1305 4553 1511 4663 particulis
1531 4555 1743 4662 proximis,
1762 4619 1766 4628 .

169 4705 240 4768 aut
259 4706 342 4765 non
361 4682 484 4788 longe
514 4683 616 4764 ultra
636 4677 934 4764 diffunduntur.
994 4677 1241 4788 Exemplum
1270 4678 1466 4762 habemus
1492 4679 1532 4762 in
1559 4679 1743 4788 corpori·

170 4809 245 4892 bus
273 4804 522 4913 magneticis.
577 4801 747 4887 Horum
778 4803 904 4888 virtus
927 4799 1134 4886 attratliva
1153 4801 1396 4885 terminatur
1423 4799 1511 4884 fere
1533 4799 1651 4883 insui
1673 4824 1741 4907 ge·

168 4933 276 5020 neris
303 4927 545 5040 corporibus
574 4925 911 5037 srbiproximin
956 4925 1163 5035 Magnetis
1194 4927 1320 5010 uirtus
1340 4949 1429 5034 per·
1461 4919 1740 5029 interpolirant

1554 5045 1768 5134 laminama
