4336 5656
442 270 533 402 138
707 257 1239 364 uuicosoviiin
1284 251 1746 358 Nnmunniis

265 483 282 528 ι
348 443 576 556 oiuapside
609 439 764 526 summa
801 437 854 524 ad
887 433 1066 546 apsidem
1104 437 1245 536 imam,
1277 435 1320 521 in
1356 433 1457 520 orbe
1491 433 1793 545 propemodum
1831 429 2064 520 circulari

438 613 564 701 quem
586 611 735 696 corpus
762 581 938 698 quodvis
959 580 1001 667 vi
1027 580 1258 690 centripeta
1287 577 1478 690 dignitati
1506 577 1608 662 A··³
1629 577 1935 688 proportionali
1961 577 2056 664 de·

1237 703 1313 784 180

440 777 598 876 scribit,
632 773 795 887 aequalis
824 772 974 884 angulo
1002 771 1205 883 graduum
1233 813 1313 920 Vn
1328 807 1340 868 ς
1370 767 1414 852 dc
1440 769 1520 852 lioc
1548 769 1696 876 angulo
1723 770 1904 880 repetito
1936 795 2052 854 cor-

440 994 516 1082 pus
547 963 699 1051 redibit
727 964 778 1048 ab
805 963 940 1076 apside
965 963 1046 1049 ima
1075 963 1126 1048 ad
1154 961 1332 1074 apsidem
1363 957 1575 1068 sumniam,
1602 957 1644 1041 dt
1675 957 1727 1042 fic
1754 957 1962 1072 deinceps
1991 963 2050 1048 in

440 1093 658 1182 infinitum.
711 1089 771 1175 Ut
790 1090 895 1178 srvis
921 1091 1147 1203 centripeta
1168 1091 1215 1175 lit
1239 1109 1286 1176 ut
1312 1085 1495 1172 distantia
1522 1083 1709 1196 corporis
1738 1113 1761 1168 a
1784 1109 1957 1184 centro,
1987 1088 2043 1174 id

442 1283 512 1386 est,
538 1307 585 1370 ut
606 1285 645 1370 A
665 1283 735 1369 seu
755 1217 828 1378 Ε,
859 1281 939 1366 etit
957 1307 984 1362 rr
1013 1279 1177 1392 equalis
1203 1275 1290 1386 4&
1306 1279 1385 1362 dri
1413 1277 1574 1390 aequalis
1594 1303 1646 1378 23
1688 1278 1872 1391 ideoque
1893 1305 2039 1392 angu-

754 1349 811 1430 Αἱ

441 1525 503 1614 lus
537 1525 644 1610 inter
677 1519 856 1631 apsidem
890 1517 1089 1608 summam
1117 1517 1162 1604 dt
1196 1518 1375 1631 apfidem
1403 1517 1532 1602 imam·
1563 1451 1833 1661 aequalis.-¹-}⁰
1844 1547 1923 1634 gr.
1957 1519 2035 1609 seu
2127 1521 2129 1538 *

440 1741 496 1824 90
515 1741 583 1828 gr,
652 1709 874 1822 Completa
891 1707 1017 1819 igitur
1034 1729 1177 1826 quarta
1195 1729 1310 1822 parte
1329 1705 1595 1794 revolutionis
1614 1709 1736 1796 unius
1759 1731 1912 1820 corpus
1930 1737 2035 1824 pem

441 1839 580 1924 veniet
618 1835 671 1922 ad
691 1833 870 1948 apsidem
898 1833 1037 1933 imam,
1065 1833 1335 1946 &completa
1362 1832 1436 1918 alia
1458 1849 1602 1944 quarta
1626 1850 1743 1946 parte
1769 1830 1822 1916 ad
1841 1833 2032 1946 apsidem

443 1959 657 2059 suminam,
694 1959 740 2044 dc
766 1957 820 2044 fic
847 1955 1041 2072 deinceps
1074 1984 1150 2072 per
1182 1961 1294 2046 vices
1321 1959 1364 2046 in
1390 1955 1609 2044 infinitum.
1670 1955 1728 2042 ld·
1753 1957 1874 2071 quod
1899 1963 2032 2048 etiam

445 2113 501 2174 ex
525 2085 805 2198 propositione
827 2111 870 2172 x.
905 2083 1163 2173 manifestum
1193 2085 1261 2172 est.
1334 2085 1443 2172 Nam
1478 2109 1628 2198 corpus
1663 2103 1839 2194 urgente
1868 2086 1949 2171 hac
1987 2091 2030 2174 vi

446 2214 675 2326 centripeta
699 2213 933 2300 revolvetur
953 2211 999 2303 in
1023 2213 1151 2327 ellipsi
1175 2213 1391 2313 immobili,
1418 2211 1532 2324 cujtts
1557 2226 1748 2300 centrum
1773 2209 1832 2294 est
1857 2211 1902 2295 in
1929 2240 2029 2299 cen·

448 2353 516 2422 tto
535 2336 697 2425 virium.
753 2333 933 2452 Quodfi
956 2337 1017 2424 vis
1036 2339 1265 2458 centripeta
1289 2339 1337 2428 sit
1365 2337 1579 2456 reciproce
1599 2355 1648 2425 ut
1672 2333 1867 2434 distanm,
1892 2335 1943 2424 id
1967 2337 2034 2422 esl
2127 2435 2129 2480 ἱ

449 2541 605 2682 ᾂίτεᾶε
624 2563 675 2632 ut
696 2491 741 2701 ἑ
762 2543 832 2633 seu
851 2479 926 2696 ἑ,
959 2547 1091 2634 ericii
1110 2547 1273 2662 equalis
1298 2576 1339 2646 2,
1368 2549 1554 2661 ideoque
1576 2547 1685 2636 iuter
1711 2543 1892 2659 apfid'ein
1915 2547 2023 2639 suun

451 2807 562 2872 marn
575 2783 758 2874 &imam
775 2787 950 2894 angulus
962 2789 1041 2874 etit
1053 2785 1255 2898 graduum
1272 2723 1355 2936 {s}
1373 2790 1454 2874 seii.
1468 2815 1544 2890 127
1559 2815 1624 2902 gr.
1665 2793 1713 2869 16
1733 2813 1783 2872 m.
1811 2793 1954 2898 45sec.
1978 2791 2030 2877 dc·

451 2987 672 3083 propterea
701 2993 850 3081 corpus
881 2973 958 3062 tali.
975 2972 1017 3056 vi
1043 2971 1271 3072 revolvens,
1306 2998 1504 3084 perpetua
1533 2978 1669 3082 anguli
1701 2973 1816 3082 liujus
1838 2982 2023 3088 repetiti
2127 2999 2128 3022 ¹

447 3123 550 3202 one,
574 3094 730 3180 vicibus
750 3097 911 3182 alternis
935 3096 986 3180 ab
1013 3095 1147 3209 apfide
1172 3100 1325 3182 sumina
1350 3099 1402 3184 ad
1436 3099 1558 3184 imam
1593 3098 1636 3182 δι
1661 3099 1711 3184 ab
1739 3104 1819 3184 ima
1845 3101 1898 3188 ad
1920 3103 2029 3192 sum·

454 3247 569 3308 mam
592 3222 804 3335 perveniet
834 3223 880 3309 iii
910 3239 1122 3309 aeternum.
1180 3221 1313 3309 Porro
1339 3223 1369 3308 si
1397 3224 1455 3309 vis
1484 3227 1711 3338 centripeta
1738 3225 2022 3342 sit-reciproce

454 3353 629 3441 utlaius
649 3349 1115 3469 quadratoquadratum
1139 3349 1370 3440 undecima
1394 3349 1611 3464 dignitatis.
1629 3353 1867 3454 altitudinis,
1893 3357 1937 3444 id
1964 3361 2028 3452 est.
2125 3381 2126 3441 i

806 3540 811 3548 .
1659 3509 1694 3559 p,
1755 3547 1765 3563 .

455 3591 669 3703 reciproce
687 3556 873 3692 unffi»,
887 3595 1068 3712 ideoque
1088 3597 1243 3685 directe
1266 3615 1315 3685 ut
1340 3547 1527 3808 iis&
1548 3570 1595 3636 ut
1619 3540 1687 3758 ἓξ
1708 3563 1788 3633 em
1813 3571 1843 3632 θ
1862 3551 2028 3662 ae‘lualid-
2124 3585 2125 3618 ³

1405 3745 1427 3786 4
1671 3749 1674 3754 .

457 3907 497 4022 ἒξ,
525 3902 569 3994 dc
593 3837 750 4059 Qu
772 3909 933 4024 aequalis
958 3915 1034 4010 360
1052 3937 1117 4026 gr.
1139 3911 1183 3998 dr
1211 3932 1435 4027 propterea·
1453 3931 1604 4022 corpus
1632 3910 1703 3997 de
1718 3911 1853 4027 apfid'e
1873 3915 2019 4009 summa
2122 3965 2123 4012 i

457 4096 669 4186 discedens
698 4097 742 4182 dc
772 4100 942 4187 subinde
974 4127 1182 4219 perpetuo
1218 4101 1484 4201 descendens,
1517 4102 1737 4214 perveniet⁴
1762 4105 1815 4193 ad
1847 4111 2020 4222 apfidem
2121 4161 2122 4180 i

457 4222 582 4308 imam
611 4224 681 4308 ubi
706 4227 929 4338 complevit
956 4233 1257 4320 revolutionem
1276 4231 1494 4338 integram,
1519 4227 1615 4314 dein
1636 4252 1838 4343 perpetuo
1866 4233 2022 4326 ascensu

459 4349 709 4460 complendo
734 4351 850 4435 aliam
878 4357 1178 4447 revolutionem
1206 4359 1425 4469 integram,
1461 4353 1613 4443 redibit
1643 4358 1696 4444 ad
1722 4357 1901 4474 apsidem
1922 4361 2021 4452 sutu-
2120 4397 2121 4468 g

459 4494 592 4556 mem:
622 4472 665 4557 dt
687 4473 741 4560 sic
762 4478 966 4588 pervices
993 4481 1036 4566 in
1057 4505 1274 4569 aeternum.
2120 4469 2121 4480 Ν

515 4593 700 4706 Except.
725 4629 758 4698 3.
787 4600 1045 4693 Alsumentes
1072 4639 1110 4693 m
1129 4609 1172 4694 δι
1190 4638 1216 4692 n
1240 4636 1318 4721 pro
1334 4605 1538 4721 quibusvis
1555 4603 1758 4696 indicibus
1779 4611 2019 4726 dignitatum
2119 4691 2120 4698 t

459 4719 698 4823 altitudinis,
726 4723 769 4810 dc
799 4729 836 4827 b,
865 4757 886 4813 c
913 4756 990 4843 pro
1009 4735 1185 4821 numeris
1216 4733 1421 4848 quibusvis
1450 4731 1567 4825 datis,
1598 4757 1796 4842 ponamus
1822 4740 1906 4824 vim
1932 4769 2019 4828 cen·

344 4936 350 4946 .
453 4927 646 5042 tripetaiii·
664 4927 742 5018 effe
760 4948 807 5018 ut
827 4867 1112 5088 Ἥῇ-ῧζ
1139 4937 1276 5046 idest,
1302 4858 2020 5102 UQUKtC-upinmp
2118 4897 2119 4908 r

1950 5127 2023 5214 sue
