4450 5674
442 169 843 280 PRINCIPIA
890 172 1486 276 MATHEMATICA.
1703 207 1761 274 21

199 357 421 487 gressus&
447 361 624 470 impetus
645 353 791 468 quibus
816 377 990 464 corpora
1008 351 1049 438 se
1076 370 1223 438 mutuo
1243 353 1406 440 feriunt.
1461 349 1576 466 Ergo
1604 375 1677 464 per
1704 356 1764 442 le·
1822 357 1954 420 stass

201 521 303 608 gem
337 513 380 574 tr
405 488 577 604 aequales
607 503 727 570 erunt
753 479 1038 592 congressuum
1065 477 1231 567 effetlus
1258 483 1301 568 in
1333 501 1510 597 utroque
1546 483 1675 581 casu;
1722 483 1768 572 δι
1818 442 1972 582 ΜΨ

200 643 421 738 propterea
456 611 676 700 manebunt
710 631 847 695 motus
873 609 978 693 inter
1009 609 1049 692 se
1078 609 1119 692 in
1145 632 1230 692 uno
1254 606 1347 694 casu
1377 609 1550 722 aequales
1587 609 1770 696 motibus

200 754 311 838 inter
331 744 428 830 sein
451 741 592 826 altero.
646 735 762 821 Idem
784 731 1076 848 comprobatur
1102 734 1388 846 experimento
1412 735 1633 820 luculento.
1673 732 1770 820 Mo-

199 905 269 970 tus
294 901 437 965 omnes
461 869 614 970 eodem
642 865 772 950 modo
808 863 849 947 se
888 862 1036 946 babent
1062 862 1104 948 iu
1132 863 1241 960 navi,
1275 861 1356 946 five
1386 887 1434 947 ea
1459 861 1653 976 quiescat,
1690 859 1773 949 five

199 1027 415 1100 moveatur
432 996 691 1088 uniformiter
710 993 753 1078 in
773 987 986 1076 dicessum.

557 1287 1268 1390 COROLLARIUM
1339 1286 1425 1388 Vt.

204 1511 259 1616 Si
282 1534 461 1645 corporo
482 1519 741 1598 moueantur
766 1487 1143 1626 quomodocunque
1166 1485 1280 1586 iuter
1291 1493 1360 1611 se,
1383 1485 1444 1592 ὅθ
1459 1524 1490 1585 a
1511 1486 1676 1588 viribus
1693 1527 1770 1590 ac.

276 1652 593 1765 celerotricibus
624 1647 862 1784 aequalibus
884 1644 1125 1768 secuudum
1150 1642 1290 1742 lineas
1309 1643 1553 1783 parallelas
1581 1682 1771 1781 urgean-

275 1849 349 1922 tur
361 1871 374 1942 3
405 1835 591 1954 pergent
613 1803 759 1904 omnia
783 1801 929 1901 codem
952 1797 1074 1899 modo
1102 1800 1270 1900 moueri
1286 1799 1401 1900 iuter
1412 1809 1482 1928 se,
1519 1837 1575 1900 ac
1583 1801 1638 1934 st
1656 1800 1770 1902 viri·

276 1979 350 2078 bus
377 1971 462 2090 illis
487 2003 572 2067 nou
600 1961 733 2098 effeut
766 1957 970 2058 incitato.

264 2251 372 2338 Nam
389 2247 494 2330 vites
514 2241 593 2328 illae
613 2234 819 2348 aequaliter
848 2233 944 2345 (pro
968 2233 1257 2348 quantitatibus
1289 2234 1589 2322 movendorum
1624 2257 1773 2345 corpo·

205 2387 321 2486 rum)
349 2373 393 2457 &
412 2367 634 2456 secundum
655 2364 776 2446 lineas
795 2361 995 2474 parallelas
1010 2359 1186 2470 agendo,
1211 2386 1386 2473 corpora
1406 2362 1542 2445 omnia
1564 2358 1772 2472 aequaliter

207 2501 372 2620 (quoad
403 2487 690 2596 velocitatem)
725 2486 950 2574 movebunt
984 2512 1056 2598 per
1094 2487 1228 2598 legem
1256 2516 1316 2572 11.
1352 2487 1531 2601 ideoque
1564 2511 1777 2601 nunquam

207 2629 424 2718 mutabunt
445 2621 665 2735 positiones
684 2613 727 2699 &
746 2631 881 2704 motus
901 2639 1048 2702 eorum
1064 2613 1170 2700 inter
1189 2613 1242 2701 se.

871 2881 1105 2988 Scholium.

269 3145 477 3236 Hastenus
502 3138 700 3254 principia
728 3132 877 3221 tradidi
903 3161 926 3220 a
954 3134 1248 3221 mathematicis
1268 3155 1432 3246 recepta
1463 3137 1776 3249 &experientia

209 3269 426 3382 multiplici
445 3263 692 3350 confirmata.
748 3258 827 3340 Per
851 3259 960 3365 leges
985 3259 1084 3342 duas
1110 3257 1257 3367 primas
1285 3254 1559 3344 &corollaria
1585 3261 1670 3346 duo
1695 3263 1776 3372 pti·

210 3425 282 3485 ma
308 3393 499 3476 Galilaeus
527 3383 682 3470 invenit
709 3381 945 3465 descensum
977 3383 1161 3492 gravium
1193 3377 1273 3464 esse
1306 3385 1346 3466 in
1380 3382 1582 3494 duplicata
1618 3389 1776 3474 ratione

210 3519 424 3633 temporis,
451 3512 494 3598 δι
522 3531 682 3596 motum
709 3507 976 3620 projesiilium
1000 3507 1088 3590 lieri
1112 3508 1155 3591 in
1182 3507 1394 3618 parabola;
1437 3509 1690 3626 conspirante
1708 3543 1778 3602 ex·

211 3643 424 3765 parientia,
450 3638 522 3724 nisr
541 3657 738 3750 quatenus
767 3655 903 3718 motus
928 3633 984 3716 illi
1003 3659 1073 3745 per
1095 3634 1194 3718 a'e'ris
1213 3632 1468 3722 resistentiam
1488 3639 1779 3754 aliquantulum

213 3768 481 3858 retardantur.
536 3761 726 3871 Corpore
747 3757 918 3846 cadente
937 3761 1108 3870 gravitas
1133 3757 1359 3858 uniformis,
1395 3761 1554 3872 singulis
1580 3771 1776 3879 temporis

212 3888 416 4006 particulis
435 3884 653 3997 aequalibus
673 3883 879 3995 aequaliter
898 3883 1059 3992 agendo
1085 3883 1281 3995 imprimit
1303 3887 1408 3968 vires
1429 3891 1600 3998 aequales
1624 3891 1666 3976 in
1686 3919 1778 3977 cor·

213 4046 289 4132 pus
310 4013 425 4110 illud,
455 4013 753 4120 &velocitates
781 4011 952 4120 aequales
982 4029 1178 4119 generat:
1207 4009 1250 4092 ἃ
1273 4031 1458 4121 ternpore
1490 4035 1581 4099 toto
1611 4016 1694 4100 vim
1714 4037 1777 4102 to·

214 4165 299 4226 tam
319 4136 514 4250 imprimit
538 4133 854 4219 &velocitatem
881 4151 1010 4217 totam
1027 4155 1194 4242 generat
1216 4136 1391 4245 tempori
1416 4139 1776 4247 proportionalem.

215 4263 271 4351 Et
293 4263 414 4375 spatia
442 4258 692 4369 temporibus
719 4255 1087 4367 proportionalibus
1108 4257 1320 4370 descripta,
1356 4259 1446 4344 sunt
1473 4279 1517 4343 ut
1544 4263 1778 4351 velocitates

218 4391 464 4501 &tempora
490 4379 764 4492 conjunsiim3
803 4381 924 4469 idest
948 4384 991 4469 in
1014 4385 1216 4494 duplicata
1238 4387 1394 4471 ratione
1417 4408 1662 4498 temporum.
1718 4389 1775 4478 Et

219 4540 394 4625 corpore
415 4513 565 4597 sursum
588 4507 769 4621 projeslo
795 4509 967 4614 gravitas
993 4511 1206 4596 uniformis
1236 4511 1340 4596 vires
1371 4513 1567 4623 imprimit
1597 4515 1639 4598 δι
1669 4518 1777 4600 velo·
1816 4587 1835 4616 ¹,

219 4645 359 4724 citates
377 4639 507 4724 aufert
530 4635 779 4746 temporibus
804 4637 1152 4744 proportionales;
1183 4663 1230 4720 ac
1253 4657 1437 4750 tempora
1466 4639 1710 4725 ascendendi
1726 4643 1778 4727 ad

218 4765 448 4851 altitudines
474 4765 644 4848 summas
672 4761 762 4846 sunt
791 4781 835 4843 ut
854 4763 1090 4846 velocitates
1112 4762 1356 4864 auferendae,
1386 4765 1428 4850 dc
1449 4767 1678 4851 altitudines
1699 4769 1777 4852 illae

210 4891 307 5004 sunt
328 4912 373 4976 ut
392 4891 625 4978 velocitates
652 4913 699 4971 ac
729 4905 914 4998 tempora
941 4885 1202 4995 conjunslim,
1229 4890 1299 4980 seu
1326 4893 1368 4979 in
1396 4893 1597 5006 duplicata
1623 4892 1780 4980 ratione

767 5015 777 5038 ‘
1509 5012 1784 5106 velocitatum.
