4450 5674
441 153 501 285 3t
707 153 1232 254 aurcosonaun
1278 153 1729 260 maturatis

227 349 282 408 Da
305 345 423 405 Μοτυ
441 331 499 419 est
527 353 705 448 quacum
733 329 812 416 esse
842 329 935 433 (vel
962 333 1099 442 augeri
1129 351 1198 416 aut
1224 334 1379 446 minui)
1406 331 1604 444 incipiunt
1633 333 1677 422 δι
1704 331 1864 422 cessant.
1921 330 2010 420 Ex-

225 429 402 490 ⁶⁰¹⁹⁰¹⁰'¹
440 482 498 548 tat
519 465 633 548 limes
653 485 777 573 quem
799 461 989 545 velocitas
1018 463 1059 546 in
1086 459 1166 544 fine
1189 483 1323 548 motus
1350 465 1549 574 attingere
1576 463 1721 576 potest,
1755 493 1838 552 non
1866 487 2009 556 autent

440 589 675 699 transgredi.
715 586 824 672 Haec
852 589 909 674 esl
934 589 1126 673 velocitas
1149 590 1300 674 ultima.
1344 589 1398 676 Et
1417 617 1489 704 par
1516 593 1573 678 est
1592 595 1697 679 ratio
1723 597 1858 680 limitis
1877 623 2009 710 quan-

439 721 603 802 titatum
623 715 665 801 dc
689 717 1003 827 proportionum
1026 715 1209 799 omnium
1230 717 1510 828 incipientium
1537 717 1845 808 &cessantium
1874 723 2010 812 Cum·

437 871 520 958 que
538 847 604 930 hic
624 846 739 929 limes
765 844 810 928 stt
829 839 963 930 certus
991 841 1034 926 δι
1053 839 1256 942 definitus,
1284 844 1495 955 problema
1516 845 1573 930 est
1594 875 1688 932 vere
1706 851 2007 958 geometricum

438 976 617 1061 eundem
645 975 931 1058 determinare.
987 969 1256 1056 Geometrica
1288 999 1387 1058 vero
1405 975 1539 1060 omnia
1559 974 1602 1059 in
1630 979 1714 1062 aliis
1741 983 2007 1088 geometricis
2178 996 2185 1055 t

438 1100 756 1188 determinandis
781 1127 828 1184 ac
857 1095 1180 1184 demonstrandis
1205 1099 1385 1207 legitime
1405 1099 1656 1212 usurpantur.
2180 1088 2185 1125 ²

491 1229 702 1314 Contendi
730 1229 852 1312 etiam
881 1223 1026 1338 potest,
1053 1221 1168 1336 quod
1195 1221 1223 1306 fi
1249 1223 1412 1310 dentur
1428 1229 1582 1312 ultimae
1609 1230 1881 1342 quantitatum
1911 1261 2004 1318 eva-

434 1354 687 1440 nescentium
709 1353 899 1447 rationes,
926 1345 1191 1434 dabuntur&
1220 1348 1373 1434 ultimae
1397 1354 1719 1462 magnitudines:
1749 1355 1793 1440 δε
1815 1357 2004 1470 ficquan·

434 1484 526 1566 titas
554 1479 686 1564 omnis
722 1475 919 1562 conllabit
952 1501 1006 1560 ex
1043 1471 1361 1572 indivisibilibus,
1401 1497 1697 1593 contraquam
1726 1481 1915 1567 Euclides
1948 1487 2003 1570 de

349 1621 352 1631 “
431 1597 919 1696 incommensurabilibus‚
955 1599 998 1684 in
1028 1598 1134 1682 libro
1163 1598 1327 1687 decimo
1356 1605 1674 1705 elementorum,
1699 1607 2003 1696 demonstravit.

429 1731 590 1820 Verum
630 1730 717 1814 haec
758 1726 935 1835 objectio
971 1723 1076 1808 salsae
1108 1724 1292 1810 innititur
1331 1727 1555 1840 hypothesi.
1626 1729 1792 1818 Ultimae
1824 1736 2002 1822 rationes

431 1861 510 1946 illae
541 1855 783 1972 quibuscum
819 1851 1062 1964 quantitates
1105 1851 1367 1952 evanescunt,
1402 1881 1542 1940 revera
1576 1879 1660 1947 non
1696 1855 1785 1943 sunt
1824 1863 2002 1948 rationes

435 1986 707 2099 quantitatum
736 1981 983 2076 ultimarum,
1009 1977 1080 2064 sed
1106 1977 1253 2064 limites
1281 1981 1332 2066 ad
1357 2007 1461 2093 quos
1489 1983 1759 2094 quantitatum
1790 1987 1873 2074 stne
1897 1992 2003 2076 limi·

433 2129 478 2196 tc
504 2107 828 2196 decrescentium
854 2105 1031 2190 rationes
1058 2102 1217 2214 semper
1246 2107 1600 2218 appropinquante
1639 2107 1806 2224 &quas
1834 2117 2000 2226 propius

431 2233 581 2349 assequi
610 2231 771 2347 possunt
804 2256 926 2343 quam
965 2255 1041 2341 pro
1076 2229 1170 2316 data
1205 2231 1345 2340 quavis
1378 2227 1624 2332 differentia,
1658 2259 1866 2347 nunquam
1898 2266 2000 2330 vero

434 2362 669 2476 transgredi,
706 2385 840 2472 neque
869 2358 978 2468 prius
1000 2359 1199 2465 attingere
1228 2381 1349 2468 quam
1382 2357 1626 2468 quantitates
1654 2360 1937 2451 diminuuntur
1956 2367 1999 2454 in

432 2492 649 2582 inlinitum.
705 2485 790 2572 Res
812 2483 955 2568 clarius
985 2481 1231 2590 intelligetur
1259 2483 1301 2566 in
1321 2480 1478 2570 infinite
1508 2485 1672 2593 magnis.
1730 2483 1773 2568 Si
1799 2491 2000 2600 quantita.

433 2639 495 2712 tes
527 2619 629 2708 dua
650 2639 822 2730 quarum
842 2610 934 2696 data
953 2607 1010 2694 est
1033 2605 1259 2695 differentia
1288 2629 1507 2719 augeantur
1527 2613 1569 2696 in
1592 2611 1809 2714 infinitum,
1836 2615 1998 2707 dabitur

431 2757 575 2840 harum
592 2746 734 2832 ultima
754 2739 874 2840 ratio,
908 2737 1102 2822 nimirum
1122 2737 1225 2822 ratio
1250 2737 1498 2850 aequalitatis,
1532 2764 1608 2824 nec
1640 2758 1775 2828 tamen
1802 2742 1900 2828 ideo
1929 2745 1998 2834 da·

432 2881 585 2968 buntur
615 2869 862 2982 quantitates
893 2864 1046 2948 ultimae
1077 2863 1145 2948 seu
1172 2863 1358 2946 maximae
1387 2889 1560 2976 quarum
1585 2865 1655 2954 illa
1693 2866 1897 2955 elstano.
1953 2869 1997 2960 ln

435 2995 709 3116 sequentibus,
741 2992 865 3100 igitur
896 2985 1092 3102 siquando
1120 2986 1227 3074 sacili
1254 3015 1391 3076 rerum
1422 2993 1642 3102 conceptui
1671 2993 1881 3086 consulens
1906 2996 1998 3084 dix·

436 3157 509 3218 ero
534 3121 776 3240 quantitates
797 3138 920 3229 quam
950 3112 1149 3211 minimas,
1177 3116 1242 3199 vel
1269 3115 1565 3208 evanescentes,
1596 3117 1659 3202 vel
1680 3119 1868 3216 ultimas;
1898 3148 1997 3212 cave

434 3255 630 3364 intelligas
659 3244 902 3362 quantitates
932 3240 1211 3352 magnitudine
1243 3241 1543 3342 determinatas,
1570 3239 1640 3328 sed
1671 3244 1806 3356 cogita
1839 3245 1995 3359 semper

435 3378 715 3477 diminuendos
741 3373 821 3460 sme
848 3368 989 3458 limite.

960 3615 1361 3716 SECTIO
1431 3619 1484 3712 ll.

747 3811 825 3910 De
860 3801 1105 3905 inventione
1137 3801 1303 3902 vitiem
1343 3803 1700 3940 centripetornm.

648 4057 1123 4162 PROPOSITIO
1160 4061 1193 4151 Ι.
1268 4053 1705 4152 THEOREMA
1741 4059 1775 4154 l.
1870 3983 1880 4002 ·

438 4263 598 4378 Areos,
637 4288 746 4389 qnos
766 4275 947 4384 corpora
970 4244 1018 4342 in
1034 4281 1163 4379 gyros
1182 4239 1289 4342 asia
1312 4245 1450 4344 radiis
1476 4242 1542 4342 od
1559 4243 1777 4344 immobile
1802 4271 1996 4347 centrum

508 4414 673 4518 virium
709 4403 847 4507 donis
884 4401 1125 4524 describunt
1137 4483 1150 4527 ‚
1197 4401 1257 4506 ἔθ’
1292 4401 1339 4502 in
1366 4403 1514 4542 planis
1546 4399 1831 4502 immobilibus
1866 4400 1996 4530 confi·

494 4575 630 4708 flere,
667 4567 727 4674 ἐφ’
751 4565 833 4706 ff
856 4559 1117 4704 temporibus
1131 4559 1495 4700 proportionales.

490 4775 709 4867 Dividatur
738 4792 897 4882 tempus
918 4769 961 4855 in
978 4787 1111 4882 partes
1134 4769 1320 4879 aequales,
1348 4764 1391 4850 &
1420 4763 1549 4876 prima
1577 4760 1773 4872 temporis
1789 4777 1903 4872 parte
1926 4759 1997 4880 de·

426 4909 572 5000 scribat
591 4929 739 5021 corpus
758 4903 799 4992 vi
817 4899 932 4990 inlita
955 4897 1106 4988 retiam
1126 4895 1219 5015 AB,
1273 4893 1388 4988 idem
1408 4889 1582 4982 secunda
1602 4887 1797 5005 temporis
1813 4909 1941 5004 parte,
1968 4883 2000 5096 sq

1115 5085 1117 5090 -
1940 5038 1982 5098 m
