4338 5656
508 243 601 366 518
766 239 1297 340 PHILOSOPHIAE
1343 234 1793 338 NATURALIS

296 411 347 553 ξ·
364 409 480 469 nuum
509 412 684 506 undum,
712 406 1021 496 determinanda
1041 407 1241 520 relinquo.
1296 405 1455 494 Interea
1470 405 1566 492 huic
1583 408 1753 520 negotio
1770 407 1992 522 propositio
2007 413 2047 500 se·

322 502 486 551 „mm
507 563 639 655 quens
660 536 798 621 lumen
816 535 1042 620 accendere
1065 533 1209 645 potest.
1273 635 1277 644 .

567 829 1081 930 morosrrro
1127 827 1274 925 xtn.
1348 827 1760 928 PROBLEMA
1818 832 1964 925 xxn.

777 1093 1013 1196 Inventam
1045 1119 1217 1192 comete
1251 1083 1555 1222 trajeisorr'am
1588 1089 1821 1226 corrigere.

568 1379 819 1492 operatior.
867 1375 1100 1462 Allumatur
1134 1372 1281 1485 positio
1316 1367 1423 1488 plani
1465 1369 1719 1479 trajciloriae,
1755 1397 1833 1486 per
1868 1375 2041 1488 proposui·

507 1532 635 1594 onem
663 1503 910 1616 superiorem
947 1503 1138 1594 inventor
1178 1495 1222 1580 δι
1259 1495 1474 1608 seligantur
1502 1497 1578 1580 tria
1607 1498 1697 1584 loca
1725 1522 1905 1586 cornetae
1941 1502 2039 1588 obser·

508 1630 738 1719 vationibus
763 1625 1066 1713 accuratilsrmis
1085 1622 1266 1719 definita,
1293 1622 1335 1705 &
1363 1623 1413 1706 ab
1445 1623 1623 1710 invicem
1650 1651 1778 1740 quarn
1808 1630 1971 1712 maxime
1986 1629 2039 1712 dil·

507 1759 659 1854 tantia;
688 1753 818 1869 sitque
845 1755 887 1838 A
914 1771 1073 1861 tempus
1101 1749 1208 1834 inter
1236 1746 1408 1857 primam
1439 1745 1742 1850 &secundam
1772 1778 1824 1836 ac
1856 1749 1888 1836 Β
1914 1775 2038 1864 tempus

507 1887 615 1968 inter
646 1878 863 1964 secundam
891 1903 937 1960 ac
966 1874 1141 1960 tertiam.
1213 1871 1433 1958 Comeram
1468 1893 1606 1957 autem
1639 1876 1682 1962 in
1704 1903 1858 1963 eorum
1880 1880 1992 1992 aliquo
2008 1881 2038 1964 in

507 2007 690 2118 perigaeo
710 2001 854 2086 versari
874 2001 1081 2098 convenit,
1100 1998 1165 2083 vel
1184 1997 1322 2083 saltem
1342 2025 1427 2086 non
1446 2002 1569 2110 longe
1587 2029 1610 2086 a
1630 2005 1818 2114 perigaeo
1842 2004 1957 2090 abesse.
1984 2002 2038 2090 Ex

507 2131 569 2216 bis
585 2129 686 2214 locis
711 2127 1000 2240 apparentibus
1028 2125 1298 2222 inveniantur,
1329 2152 1403 2236 per
1424 2127 1683 2238 operationes
1706 2130 2037 2240 trigonometricas,
2113 2173 2114 2225 r

508 2255 600 2340 loca
617 2255 693 2339 tria
709 2278 805 2338 vera
825 2271 1001 2336 cometae
1021 2251 1062 2334 in
1083 2243 1285 2360 assumpto
1305 2251 1376 2335 illo
1396 2251 1516 2360 plano
1536 2247 1793 2359 trajesioriae.
1822 2254 1966 2340 Deinde
1981 2279 2038 2366 per

507 2379 599 2464 loca
618 2380 684 2464 illa
706 2380 883 2474 inventa,
911 2377 1021 2460 circa
1047 2393 1236 2459 centrum
1262 2373 1352 2460 solis
1380 2401 1457 2458 ceu
1481 2375 1738 2476 umbilicum,
1768 2406 1854 2493 per·
1870 2381 2040 2494 operatio

507 2527 580 2588 nes
606 2505 892 2597 arithmeticas,
921 2527 1003 2612 ope
1030 2525 1151 2614 prop.
1175 2525 1263 2584 xxr.
1292 2497 1359 2582 lib.
1384 2529 1410 2584 1.
1439 2499 1649 2600 inslitutar,
1676 2503 1915 2590 describatur
1936 2505 2039 2590 sellio

507 2629 679 2714 conica:
710 2628 754 2712 ἃ
773 2626 856 2736 ejus
875 2649 993 2722 areae,
1020 2623 1142 2708 radiis
1162 2649 1183 2706 a
1209 2617 1292 2706 sole
1316 2623 1369 2706 ad
1387 2623 1477 2706 loca
1498 2623 1661 2711 inventa
1680 2627 1809 2713 dusiis
1833 2630 2040 2726 terminata,

505 2754 625 2839 sunto
651 2753 694 2838 D
714 2752 757 2835 δε
786 2749 851 2849 E;
887 2776 1039 2862 nempe
1066 2747 1109 2832 D
1139 2771 1230 2830 area
1262 2747 1369 2831 inter
1408 2748 1731 2838 observationem
1761 2756 1921 2866 primam
1940 2753 1977 2838 δι
1995 2751 2039 2838 se·

505 2881 699 2976 condam,
721 2877 763 2960 δι
783 2873 820 2959 Ε
840 2903 931 2960 area
948 2877 1055 2960 inter
1073 2869 1291 2956 secundam
1312 2896 1359 2954 ac
1378 2873 1552 2960 tertiam.
1610 2875 1748 2990 Sitque
1767 2879 2040 2992 Ttempusto
2112 2854 2115 2920 l

508 3026 613 3103 tum,
640 3030 727 3120 quo
758 3027 849 3086 area
872 3018 959 3086 tota
981 2991 1135 3107 ΜΕ
1160 2993 1380 3082 velocitate
1405 3022 1582 3088 cometae
1608 3031 1676 3118 per
1694 3029 1810 3118 prop.
1830 3031 1911 3090 xm.
1928 3001 1991 3090 lib.
2012 3027 2038 3084 r.

505 3132 673 3220 inventa
689 3127 864 3214 describi
883 3126 1021 3211 debet.
1722 3217 1729 3226 ,
2114 3118 2115 3140 ¹

564 3259 685 3362 Oper.
707 3281 744 3333 2.
767 3255 978 3360 Augeatur
996 3242 1215 3353 longitudo
1232 3248 1440 3336 nodorum
1460 3250 1568 3362 plani
1587 3251 1833 3360 trajeeloriae,
1850 3249 1980 3334 additis
1995 3249 2038 3334 ad

506 3374 809 3486 longitudinem
831 3375 939 3458 illam
967 3367 1035 3452 20‘
1061 3375 1127 3457 vel
1158 3371 1238 3472 30'‚
1264 3399 1357 3485 quae
1383 3374 1573 3461 dicantur
1599 3376 1658 3472 P;
1692 3376 1736 3460 dr
1760 3378 1922 3462 servetur
1945 3375 2038 3487 plani

505 3501 609 3586 illius
626 3499 836 3586 inclinatio
855 3496 905 3583 ad
929 3497 1094 3610 planum
1114 3496 1329 3610 eclipticae.
1370 3497 1535 3587 Deinde
1555 3527 1610 3588 ex
1632 3501 1835 3613 praedirlis
1855 3501 1968 3587 tribus
1984 3525 2038 3584 co

505 3644 628 3712 metae
654 3625 753 3710 locis
780 3621 1013 3719 observatis,
1041 3623 1296 3709 inveniantur
1317 3626 1359 3711 in
1378 3626 1460 3710 hoc
1486 3653 1596 3712 novo
1622 3631 1746 3741 plano
1763 3632 1850 3716 loca
1875 3627 2038 3721 triavera,

506 3773 554 3837 ut
584 3753 727 3866 supra:
772 3751 923 3838 deinde
954 3753 1078 3836 etiam
1109 3751 1218 3836 orbis
1259 3777 1334 3864 per
1361 3753 1451 3837 loca
1476 3753 1541 3838 illa
1573 3754 1782 3855 trendens,
1826 3750 2037 3864 &ejusdem

506 3905 612 3966 areae
634 3879 728 3963 duae
752 3878 858 3964 inter
886 3879 1189 3968 observationes
1214 3878 1443 3990 descriptae,
1481 3906 1573 3993 quae
1602 3879 1677 3966 sint
1704 3882 1738 3966 d
1762 3883 1809 3967 ἃ
1831 3911 1859 3982 e,
1883 3904 1949 3966 nec
1969 3900 2037 3960 nou

506 4028 668 4121 tempus
694 4025 829 4091 totum
848 4025 881 4106 t,
899 4033 985 4121 quo
1009 4033 1101 4092 area
1122 4025 1209 4096 tnta
1228 4009 1329 4114 ri-l-r
1347 4004 1520 4090 describi
1540 4007 1698 4093 debeat.

561 4135 681 4242 Oper.
704 4161 737 4232 3.
766 4133 959 4218 Servetur
983 4133 1201 4242 longitudo
1218 4129 1425 4218 nodorum
1449 4131 1491 4216 in
1516 4134 1759 4243 operatione
1789 4135 1922 4248 prima,
1938 4125 1974 4213 ἃ
1989 4149 2037 4210 au·

503 4282 646 4368 geatur
673 4261 882 4346 inclinatio
911 4262 1019 4376 plani
1047 4259 1287 4368 trajectoriae
1313 4260 1366 4344 ad
1404 4261 1568 4371 planum
1598 4263 1822 4372 eclipticae‚
1850 4259 1973 4346 additis
1995 4247 2038 4334 ad

503 4385 811 4473 inclinationem
830 4388 938 4472 illam
966 4388 1036 4470 20'
1054 4390 1120 4471 vel
1145 4385 1223 4485 30'‚
1247 4409 1340 4499 quae
1360 4385 1547 4472 dicantur
1566 4389 1619 4500 Q.
1677 4387 1847 4476 Deinde
1867 4415 1910 4472 ex
1926 4379 2039 4466 obser·
2113 4377 2115 4426 *

502 4513 605 4597 vatis
627 4513 830 4624 praediilis
849 4515 978 4599 tribus
1001 4533 1177 4600 cometae
1199 4512 1300 4597 locis
1328 4513 1616 4624 apparentibus
1646 4513 1898 4602 inveniantur
1923 4507 2038 4598 inboc
2113 4511 2114 4576 ἰ

501 4669 614 4730 novo
634 4645 755 4754 plano
780 4645 869 4725 loca
891 4645 966 4728 tria
984 4669 1092 4738 vera,
1114 4641 1303 4756 orbisque
1326 4666 1398 4752 per
1419 4643 1508 4727 loca
1527 4642 1593 4726 illa
1615 4641 1825 4739 transiens,
1847 4663 1889 4726 ut
1910 4637 1946 4722 dc
1967 4623 2040 4738 ejus·
2113 4587 2115 4664 i

502 4766 600 4851 dem
628 4792 732 4850 areae
767 4763 996 4851 duae'.inter
1032 4767 1333 4854 observationes
1367 4767 1597 4880 descriptae,
1631 4793 1723 4881 quae
1754 4767 1834 4856 fint
1864 4749 2041 4859 ider&

502 4911 667 5008 tempus
692 4914 828 4980 totum
852 4933 885 4994 τ,
908 4920 994 5008 quo
1015 4921 1107 4981 area
1129 4913 1216 4979 tota
1235 4885 1338 5004 ἕψε
1362 4893 1539 4980 describi
1562 4893 1723 4980 debeat.
1972 5007 1993 5120 J

1994 5031 2043 5092 an
