4312 5652
421 235 826 336 PRINCIPIA
873 238 1475 350 MATHEMATICA.
1651 286 1750 370 227

241 618 720 728 rnorostmo
757 623 958 726 xcvn.
1032 634 1442 732 PROBLEMA
1478 639 1676 738 xnvn.

159 785 321 972 Poſsit
332 829 455 971 qnod
457 831 583 968 finus
604 829 848 932 incidentia
867 831 914 932 in
918 833 1206 971 superficiem
1227 837 1431 974 aliqnam
1438 841 1506 974 stt
1528 842 1594 939 aa'
1596 839 1748 973 finam

239 1007 520 1145 emergentia
543 1003 590 1104 in
613 1005 723 1104 data
744 1003 914 1106 ratione
933 1061 947 1133 3
996 1008 1200 1145 qnodque
1224 1009 1469 1114 incurvatio
1491 1015 1576 1115 nin
1600 1043 1749 1156 canpa-

1803 430 1928 488 errn

1791 507 1811 570 P
1823 529 1955 572 nnnnnn

238 1220 349 1283 ram
358 1187 498 1311 juxta
509 1172 796 1316 fitpetficiem
828 1176 956 1279 illam
964 1178 1063 1312 fiat
1088 1178 1135 1279 in
1147 1183 1298 1319 spatio
1332 1182 1594 1319 bneviffimo,
1635 1187 1757 1319 qnod
1873 1291 1879 1302 ,

242 1380 296 1454 nt
309 1349 528 1493 pandam
542 1345 805 1468 confiderari
821 1350 980 1493 pnffit:
1015 1352 1312 1452 determinare
1320 1351 1624 1495 superficient,
1652 1391 1748 1491 qna

243 1520 499 1666 corpuscula
532 1519 681 1620 omnia
711 1520 765 1619 de
795 1519 882 1621 laco
910 1521 1012 1625 data
1029 1525 1267 1660 snccefflve
1299 1527 1536 1627 manantia
1569 1563 1749 1627 conver·

235 1723 349 1836 gere
360 1693 511 1828 faciat
534 1688 601 1788 ad
617 1687 758 1788 aliam
781 1686 922 1790 locam
945 1691 1115 1794 datum.

229 1948 295 2035 Sit
315 1942 489 2028 Aloeus
513 1966 537 2025 a
562 1963 646 2053 quo
675 1935 914 2048 corpuscula
941 1939 1190 2053 divergunt;
1221 1941 1262 2024 B
1288 1943 1403 2028 locus
1429 1942 1472 2028 in
1495 1961 1623 2054 quem
1648 1967 1749 2027 con·

166 2098 351 2187 vergere
380 2069 560 2162 debent3
600 2061 748 2150 CDE
775 2090 900 2150 curva
923 2068 1028 2152 linea
1056 2092 1149 2180 quae
1177 2068 1285 2152 circa
1310 2095 1427 2152 axem
1448 2068 1540 2164 AB
1564 2068 1750 2152 revoluta

169 2197 381 2288 describat
399 2189 656 2302 superficiem
669 2187 907 2301 quaesrtam;
936 2191 1002 2290 D,
1020 2193 1062 2274 E
1080 2217 1216 2278 curvae
1236 2191 1338 2276 illius
1363 2193 1510 2303 punita
1531 2191 1616 2276 duo
1637 2216 1750 2304 quae·

169 2328 267 2425 vis;
297 2323 341 2408 δε
360 2317 463 2415 EF,
494 2313 585 2398 EG
619 2313 908 2424 perpendicula
926 2317 969 2402 in
996 2317 1184 2429 corporis
1201 2319 1283 2401 vias
1304 2319 1352 2401 A
1360 2319 1426 2413 tt,
1453 2317 1554 2400 ‘DB
1573 2315 1749 2402 demissa.

169 2451 365 2542 Accedat
392 2443 589 2560 putidum
616 2441 669 2525 D
694 2440 746 2524 ad
773 2439 970 2552 puniium
998 2443 1043 2526 E
1057 2481 1069 2543 3
1106 2441 1149 2527 δι
1178 2444 1296 2528 lineae
1321 2444 1372 2526 D
1388 2442 1437 2542 F,
1461 2469 1542 2556 qua
1565 2444 1753 2528 ADau.

172 2604 315 2694 getur,
347 2575 400 2662 ad
425 2575 573 2658 lineam
598 2566 716 2665 DG,
751 2591 833 2679 qua
856 2565 958 2654 vlt
983 2569 1240 2672 diminuitur,
1274 2570 1379 2656 ratio
1405 2571 1547 2656 ultima
1577 2569 1655 2655 erit
1685 2597 1752 2658 ea·

171 2712 293 2804 dem,
310 2726 404 2817 quae
424 2697 528 2784 linus
545 2691 782 2778 incidentia
796 2693 846 2778 ad
1375 2711 1524 2819 Es·

169 2839 309 2925 sinum
355 2824 632 2935 emergentiae.
713 2817 847 2907 Datur
1275 2867 1305 2928 Β
1374 2847 1424 2927 ,15
1640 2832 1645 2838 ·
1707 2835 1712 2842 ·

169 2988 282 3074 ergo
313 2958 420 3047 ratio
452 2949 697 3039 incrementi
728 2947 846 3034 lineae
1153 2931 1288 3200 ἶ
1329 2858 1374 3036 ἕρ

173 3087 283 3176 At)
311 3083 365 3169 ad
393 3079 705 3164 decrementum
726 3073 844 3158 lineae
1525 3061 1637 3200 >-

173 3212 308 3310 Da,
345 3209 389 3294 &
410 3229 629 3321 propterea
652 3199 682 3284 fi
704 3200 748 3284 in
768 3222 845 3282 axe
889 3202 918 3266 ‘l
1206 3213 1287 3288 cn
1306 3216 1345 3269 nr
1707 3203 1739 3267 B

178 3337 273 3422 AB
290 3335 468 3420 sumatur
493 3329 626 3412 ubivis
650 3322 848 3432 puntlum
867 3317 914 3414 C,
938 3341 1012 3426 per
1031 3315 1149 3428 quod
1175 3340 1300 3400 curva
1328 3312 1472 3402 CDE
1492 3311 1656 3399 transire
1680 3313 1752 3399 de·

179 3462 268 3559 bet,
296 3455 340 3540 &
370 3454 550 3565 capiatur
578 3444 699 3558 ipsius
720 3443 767 3524 A
775 3442 812 3526 C
835 3441 1136 3525 incrementum
1157 3439 1195 3523 C
1202 3437 1263 3519 M
1280 3438 1332 3522 ad
1352 3436 1472 3548 ipsius
1501 3437 1591 3521 BC
1609 3436 1751 3522 decre·

179 3601 368 3673 mcntum
401 3579 439 3663 C
449 3575 504 3660 N
523 3577 566 3661 in
592 3573 685 3658 data
711 3571 776 3654 illa
806 3564 978 3659 ratione,
1015 3561 1246 3672 centrisque
1274 3563 1329 3659 A,
1366 3561 1420 3660 B,
1459 3559 1502 3644 δι
1525 3561 1751 3647 'intervallis

180 3709 306 3808 AM,
335 3701 439 3789 BN
460 3700 739 3787 describantur
766 3691 909 3780 circuli
936 3690 1021 3774 duo
1043 3688 1084 3772 se
1110 3709 1256 3771 mutuo
1282 3685 1462 3770 secantes
1481 3687 1523 3771 in
1543 3687 1620 3785 D,
1649 3713 1752 3797 pun-

183 3837 295 3920 tium
320 3829 419 3916 illud
446 3826 498 3912 D
530 3842 670 3932 tanget
703 3844 873 3906 curvam
902 3814 1110 3930 quaesrtam
1145 3811 1235 3897 ct)
1246 3810 1302 3909 E,
1339 3809 1595 3924 eandemque
1621 3812 1752 3902 ubivis

182 3955 391 4067 tangendo
411 3947 712 4036 determinabit.
769 3945 825 4060 Q
841 3941 894 4024 E.
912 3939 948 4023 l.

240 4071 365 4167 Caiol.
386 4105 420 4160 r.
448 4073 656 4158 Faciendo
682 4087 885 4154 autemut
903 4056 1100 4176 punilum
1124 4062 1174 4145 A
1196 4059 1261 4143 vel
1287 4057 1329 4139 B
1357 4083 1465 4143 nunc
1485 4057 1601 4142 abeat
1625 4057 1667 4140 in
1690 4059 1750 4140 in-

180 4209 357 4302 finitum,
383 4223 494 4287 nunc
515 4197 664 4307 migret
687 4194 737 4276 ad
767 4192 907 4275 alteras
932 4206 1064 4299 partes
1092 4181 1230 4294 puncii
1260 4182 1303 4279 C,
1330 4183 1586 4268 habebuntur
1610 4181 1751 4288 ligurae

181 4337 260 4421 illae
288 4353 447 4424 omnes,
483 4347 581 4436 quas
609 4315 808 4423 Cartrfins
832 4315 876 4398 in
909 4313 1045 4422 optica
1073 4307 1115 4392 δι
1148 4308 1374 4415 geometria
1407 4307 1457 4388 ad
1491 4299 1751 4390 resradiones

182 4458 382 4569 exposuit.
436 4450 624 4561 Quarum
642 4443 923 4531 inventionem
936 4461 1039 4522 'cum
1063 4434 1262 4540 Cartenna
1288 4431 1494 4526 celaverit,
1525 4430 1653 4516 visum
1673 4431 1751 4518 suit

181 4587 257 4670 hac
275 4577 552 4694 propositione
571 4593 791 4681 exponere.
1637 4653 1638 4656 Ν

241 4709 365 4790 Coros.
388 4735 427 4785 2.
462 4699 504 4783 Si
528 4721 678 4809 corpus
705 4696 749 4778 in
771 4687 1025 4802 superficiem
1050 4685 1234 4798 quamvis
1262 4682 1365 4780 CD,
1401 4679 1632 4789 secundmn
1651 4681 1752 4764 line·

181 4859 248 4922 am
277 4829 428 4918 tedam
455 4825 501 4907 A
509 4824 574 4923 D,
606 4823 696 4930 lege
720 4818 860 4930 quavis
890 4815 1048 4899 duslam
1074 4809 1273 4905 incidens,
1310 4827 1492 4913 emergat
1527 4801 1751 4887 secundum

181 4961 300 5048 aliam
326 4951 511 5071 quamvis
540 4945 692 5034 retiam
717 4943 837 5043 DK,
864 4935 907 5024 δι
924 4931 1126 5146 aGpunilo
1153 4931 1308 5022 Cduci
1332 4929 1609 5040 intelligantur
1634 4927 1751 5008 lineae

986 5085 1058 5170 g2
1614 5071 1751 5132 curvae
