4312 5652
448 297 549 420 1s4
714 291 1246 392 puttosorutre
1280 281 1734 385 uaruaatts
2110 322 2124 545 p

220 465 417 608 {glstff
441 495 537 583 que,
564 471 607 556 in
636 468 781 552 eadem
806 469 871 552 illa
898 460 1134 577 superficiei
1151 484 1278 574 parte,
1304 487 1383 575 qua
1411 459 1533 570 prius,
1561 458 1732 569 impulsu
1759 485 2017 574 quocunque

233 617 237 624 ·
282 563 410 608 ”⁰³⁰⁸
441 622 583 692 uovo;
612 593 656 678 dc
682 597 917 680 cumcltior
944 595 1009 675 vel
1035 593 1159 674 serior
1190 587 1380 700 impulsus
1405 581 1595 668 essedum
1623 587 1677 671 nil
1712 607 1857 683 mutet,
1889 591 2018 671 mani·

440 720 587 806 sellum
617 721 687 814 ell,
714 721 828 833 quod
849 721 890 803 hi
919 719 1006 800 duo
1034 715 1226 827 impulsus
1256 709 1475 796 succeslive
1502 710 1680 820 impressi
1706 715 1888 798 eundem
1918 741 2018 826 pro·

443 847 600 930 ducent
620 867 793 942 motum,
818 871 864 928 ac
890 843 917 928 s1
943 845 1056 926 simul
1083 837 1260 951 impresli
1285 835 1460 932 suillent,
1487 835 1568 918 hoc
1591 837 1660 934 est,
1687 838 1882 937 eundem,
1912 867 1963 922 ac
1992 842 2017 923 sr

443 970 589 1080 globus
617 973 658 1054 vi
679 971 846 1081 simplici
877 995 930 1052 ex
956 993 1133 1078 utroque
1163 971 1253 1075 (per
1282 965 1419 1069 legum
1446 964 1572 1045 corol.
1601 967 1660 1069 a.)
1688 964 1918 1074 composita
1942 969 2018 1050 inr-

444 1096 588 1210 pulsus.
603 1095 751 1190 suisset,
778 1116 901 1208 atque
921 1094 1021 1177 ideo
1045 1093 1280 1203 simplicem,
1312 1090 1418 1170 circa
1437 1113 1554 1171 axem
1578 1090 1837 1175 inclinatione
1861 1094 2015 1208 datum.

424 1211 503 1310 'Et
525 1249 596 1334 par
620 1223 680 1308 est
708 1225 812 1309 ratio
841 1219 1030 1331 impulsus
1064 1217 1228 1302 secundi
1263 1213 1356 1298 sodli
1383 1214 1424 1296 in
1455 1214 1590 1298 locum
1619 1218 1740 1300 alium
1766 1223 1958 1330 quemvis
1976 1223 2014 1308 in

449 1369 658 1464 aequatore
678 1367 814 1431 motus
834 1346 953 1457 primi
971 1379 981 1438 ;
1011 1365 1056 1426 ut
1079 1341 1121 1425 dc
1145 1338 1334 1450 impulsus
1359 1339 1479 1448 primi
1499 1336 1594 1450 sadi
1612 1339 1651 1423 in
1673 1341 1808 1425 locum
1829 1349 2013 1455 quemuis
2128 1347 2129 1396 l

450 1476 494 1561 in
513 1495 720 1589 aequatore
749 1494 899 1568 motus,
927 1497 1052 1585 quem
1077 1467 1266 1578 impulsus
1293 1463 1490 1548 secundus
1521 1465 1601 1550 fine
1622 1467 1754 1576 primo
1774 1495 2013 1578 generarem

452 1619 575 1711 atque
600 1598 697 1682 ideo
718 1595 960 1706 impulsuum
992 1592 1205 1676 amborum
1234 1587 1430 1672 fastorum
1449 1589 1490 1670 in
1512 1590 1600 1672 loca
1626 1615 1910 1706 quaecunque:
1952 1625 2016 1706 ge.

452 1725 653 1812 nerabunt
687 1724 729 1807 hi
762 1720 941 1805 eundem
967 1735 1126 1801 motum
1154 1717 1392 1800 circularem
1421 1739 1467 1796 ac
1488 1713 1517 1796 st
1542 1714 1655 1799 simul
1685 1715 1728 1798 dc
1756 1717 1879 1803 semel
1898 1723 1944 1806 in
1963 1726 2016 1808 lo
2126 1713 2127 1716 Ὺ

453 1876 550 1936 cum
583 1846 878 1934 intersectionis
913 1864 1168 1958 aequatorum
1196 1860 1383 1924 motuum
1410 1840 1586 1936 illorum,
1619 1864 1722 1951 quos
1760 1841 1925 1930 seorfim
1954 1875 2016 1958 ge·

452 1994 657 2070 nerarent,
684 1967 844 2056 fuissent
872 1965 1063 2078 impressi.
1121 1965 1281 2049 Globus
1304 1965 1428 2072 igitur·
1448 1963 1726 2071 homogeneus
1752 1966 1796 2050 dc
1814 1973 2016 2081 perfectus

452 2123 538 2184 non
560 2098 709 2182 retinet
732 2115 868 2180 motus
901 2095 1034 2206 plures
1058 2091 1277 2189 dillintlos,
1305 2091 1374 2175 sed
1399 2087 1609 2198 impressos
1631 2116 1773 2178 omnes
1801 2104 2016 2210 componit
2128 2141 2129 2178 t

452 2220 498 2306 &
525 2220 578 2306 ad
604 2245 732 2304 unum
765 2220 949 2316 reducit,
984 2214 1247 2329 &quatenus
1275 2214 1385 2298 inse
1415 2212 1485 2309 ell,
1522 2235 1685 2322 gyratur
1711 2216 1869 2332 semper
1902 2245 2015 2310 motu
2128 2251 2129 2318 ξ

453 2347 624 2458 simplici
656 2345 700 2426 δι
731 2344 925 2430 uniformi
949 2342 1058 2428 circa
1094 2367 1212 2424 axem
1238 2341 1420 2434 unicum,
1448 2339 1708 2424 inclinatione
1734 2340 1893 2456 semper
1912 2350 2015 2435 iuva.

452 2473 582 2558 riabili
612 2473 765 2554 datum.
822 2469 903 2553 Sed
922 2495 998 2552 nec
1033 2467 1090 2548 vis
1113 2467 1336 2577 centripeta
1366 2469 1670 2554 inclinationem
1696 2471 1792 2568 axis,
1819 2497 1890 2558 aut
1913 2505 2017 2562 rota·

453 2599 576 2686 tionis
595 2596 855 2682 velocitatem
875 2613 1033 2677 mutare
1060 2591 1204 2720 potest.
1261 2591 1302 2674 Si
1330 2594 1473 2699 globus
1500 2598 1619 2705 plano
1652 2621 1917 2713 quocunque,
1945 2629 2015 2714 per

454 2746 644 2814 centrum
663 2722 776 2808 suum
807 2720 1063 2805 &centrum
1093 2717 1136 2802 in
1163 2717 1278 2830 quod
1307 2719 1366 2802 vis
1391 2720 1581 2828 dirigitur
1613 2723 1859 2825 transeunte,
1881 2723 2014 2814 dividi

454 2852 700 2958 intelligatur
728 2848 879 2932 induo
906 2844 1210 2955 hemispbaeria;
1249 2846 1410 2953 urgebit
1439 2846 1593 2958 semper
1619 2849 1679 2932 vis
1710 2849 1777 2934 illa·
1799 2871 2016 2970 utrumque

454 2974 784 3084 hemisphaerium
810 2973 1030 3082 aequaliter,
1072 2968 1114 3052 &
1141 2989 1358 3080 propterea
1386 2973 1567 3080 globum,
1599 2975 1737 3087 quoad
1762 2999 1924 3068 motum
1953 3011 2020 3068 ro-

454 3102 632 3198 tationis,
667 3098 816 3184 nullam
847 3097 890 3180 iu
921 3115 1076 3206 partem
1103 3095 1323 3181 inclinabit.
1392 3099 1583 3186 Addatur
1613 3129 1713 3187 vero
1737 3105 1877 3188 alicubi
1906 3111 2022 3194 inter

452 3232 596 3343 polum
622 3227 667 3311 δι
696 3243 945 3338 aequatorem
974 3223 1139 3306 materia
1165 3249 1270 3307 nova
1290 3225 1332 3308 in
1354 3222 1528 3312 sormam
1555 3235 1705 3316 montis
1724 3233 1936 3332 cumulata,
1965 3237 2015 3322 dc

454 3362 558 3456 hec,
584 3372 787 3466 perpetuo
815 3369 966 3434 conatu
995 3345 1260 3432 recedendia
1289 3370 1435 3448 centro
1461 3351 1518 3436 sui
1542 3376 1691 3452 motus,
1724 3354 1900 3440 turbabit
1930 3384 2020 3445 mo·

455 3499 544 3564 tum
575 3476 700 3586 globi,
737 3473 940 3586 facietque
971 3495 1018 3556 ut
1046 3471 1129 3582 poli
1151 3473 1240 3588 'ejus
1267 3494 1403 3559 errent
1431 3501 1504 3584 per
1533 3477 1651 3588 ipsius
1679 3480 1950 3592 superficiem,
1978 3485 2016 3571 ἃ

455 3604 629 3687 circulos
660 3601 817 3682 circum
835 3599 875 3680 se
893 3587 1169 3709 pundumqir'e
1194 3601 1264 3682 srbi
1285 3601 1514 3710 oppofitum
1547 3623 1748 3716 perpetuo
1775 3609 2014 3696 describant.

456 3729 600 3836 Neque
623 3723 850 3827 corrigetur
869 3720 939 3800 illa
966 3722 1185 3826 vagationis
1206 3725 1438 3821 enormitas,
1466 3727 1536 3810 nist
1565 3731 1740 3815 locando
1766 3755 1950 3819 montem
1972 3738 2011 3819 il·

454 3853 539 3935 lum
565 3845 629 3930 vel
649 3844 690 3927 in
721 3845 818 3954 polo
837 3844 1055 3939 alterutm,
1082 3847 1226 3954 quoin
1246 3848 1335 3931 casu
1364 3849 1455 3960 (per
1476 3857 1604 3938 torol.
1624 3867 1734 3970 xxi.)
1752 3859 1854 3944 nodi
1883 3887 2014 3976 aequa·

454 3975 554 4059 toris
582 3968 925 4082 progredientur;
957 3969 1020 4050 vel
1051 3969 1091 4052 in
1120 3993 1339 4082 aequatore,
1376 4003 1454 4089 qua
1482 3982 1639 4066 ratione
1669 3985 1760 4094 (per
1782 3987 1912 4070 corol.
1932 4001 2016 4100 xx.)

455 4102 555 4188 nodi
574 4097 886 4208 regredientur;
913 4097 978 4180 vel
1003 4097 1181 4210 denique
1212 4126 1262 4182 ex
1287 4103 1409 4186 altera
1436 4107 1518 4190 axis
1547 4129 1659 4217 parte
1679 4113 1874 4197 addendo
1896 4139 2018 4200 mate·

455 4231 556 4314 riam
581 4251 742 4320 novam,
769 4251 848 4336 qua
870 4251 987 4310 mons
1009 4227 1115 4309 inter
1136 4230 1385 4315 movendum
1405 4233 1588 4336 libretur,
1615 4238 1657 4328 dc
1680 4243 1761 4325 boc
1775 4243 1896 4352 pado
1916 4245 2018 4328 nodi

455 4353 520 4436 vel
546 4350 876 4459 progredientur,
911 4351 975 4433 vel
1004 4349 1213 4448 recedent,
1252 4356 1422 4463 perinde
1448 4381 1494 4446 ut
1518 4389 1633 4449 mons
1669 4365 1713 4448 dc
1741 4367 1879 4452 lraecce
1910 4394 2015 4453 nova

453 4479 618 4562 materia
635 4473 725 4558 sunt
745 4475 809 4558 vel
828 4473 925 4584 polo
942 4474 1003 4558 vel
1026 4477 1221 4585 aequatori
1244 4481 1467 4590 propiores.
