4344 5648
434 214 527 344 338
692 211 1220 314 PHILOSOPHIAE
1265 207 1733 339 NATURALIS

215 391 270 452 Dr
288 387 406 448 Μοτυ
431 379 697 491 longitudinis
725 379 803 464 suae
831 379 1035 478 describit,
1070 379 1135 465 vel
1162 379 1346 490 generari
1382 379 1504 492 possit
1530 381 1595 465 vel
1622 381 1723 481 tolli,
1756 397 1801 468 ut
1830 353 2007 469 densitas

432 508 558 593 medii
579 507 630 592 ad
651 504 888 591 densitatem
912 505 1086 616 cylindri
1106 509 1432 622 quamproxime.
1489 503 1609 624 QE
1627 503 1689 592 D.

219 473 396 534 Conposuit

486 629 676 714 Fluidum
710 651 847 714 autem
882 631 1100 740 comprimi
1135 630 1340 714 debetur
1378 625 1424 714 sit
1456 632 1714 728 continuum,
1757 631 2010 718 continuum·

431 781 531 838 vero
550 751 630 839 esse
652 754 773 838 debet
793 753 837 838 δι
857 779 940 838 non
961 753 1165 838 elasticum
1193 773 1238 838 ut
1259 752 1408 865 pressio
1428 757 1574 851 omnis,
1591 779 1685 868 quae
1702 755 1750 838 ab
1777 756 1863 864 ejus
1889 782 1999 840 com·

430 877 633 990 pressione
659 877 805 973 oritur,
834 895 1082 987 propagetur
1108 877 1149 961 in
1174 876 1348 976 instanti,
1375 877 1419 961 &
1447 880 1488 963 in
1517 903 1660 963 omnes
1686 879 1789 962 moti
1818 879 2014 987 corporis„

429 1017 562 1116 partes
583 1003 790 1114 aeqtialiter
812 999 973 1110 agendo
1002 998 1260 1086 resistentiam
1281 1025 1366 1086 non
1382 1019 1526 1086 mutet.
1551 999 1707 1086 Preslio
1733 1001 1891 1112 utique,
1909 1023 2010 1114 quae·
2148 1049 2149 1070 i

434 1157 456 1212 a
477 1149 594 1213 motu
612 1125 797 1237 corporis
817 1126 964 1222 oritur,
993 1124 1246 1234 impenditur
1273 1125 1323 1210 in
1344 1146 1506 1210 motum
1536 1127 1712 1236 partium
1741 1123 1860 1210 fluidi
1882 1147 2008 1233 gene·-

433 1253 606 1338 randum
626 1249 945 1334 &resistentiam
967 1271 1091 1332 creat.
1148 1247 1298 1333 Prellio
1317 1269 1453 1336 autern
1482 1273 1576 1366 quae
1596 1252 1728 1336 oritur
1756 1277 1778 1334 a
1799 1247 2000 1360 compres·

435 1379 545 1464 sione
570 1374 704 1473 fluidi,
742 1395 952 1487 utcunque
984 1371 1102 1457 sortis
1129 1368 1189 1470 lit,
1225 1371 1253 1458 fi
1279 1393 1529 1488 propagetur
1559 1377 1601 1460 iii
1633 1373 1807 1473 instanti,
1848 1374 2013 1458 nullum,

434 1520 601 1610 generat
621 1518 782 1583 motum
810 1501 851 1583 ln
882 1497 1063 1610 partibus
1084 1495 1200 1582 fluidi
1226 1500 1426 1596 continui,
1465 1502 1614 1586 nullam
1647 1501 1818 1584 omnino
1842 1495 2009 1582 inducit-

437 1643 573 1710 motus
606 1622 876 1708 mutationem
891 1657 907 1718 i,
951 1621 1132 1732 ideoque
1165 1621 1424 1708 resistentiam
1464 1648 1542 1711 nec
1578 1641 1700 1734 auget
1731 1647 1809 1707 nec
1842 1620 2003 1706 minuit.

436 1749 564 1834 Certe
584 1748 689 1832 aelio
717 1745 846 1845 fluidi,
870 1769 964 1858 quae
984 1743 1034 1828 ab
1053 1744 1136 1853 ejus
1159 1741 1458 1859 compressione
1485 1749 1631 1847 oritur,
1650 1748 1802 1833 sortior
1820 1741 1898 1829 esse
1920 1769 2014 1829 non:

436 1872 569 1984 potest
585 1872 628 1956 in
657 1889 791 1983 partes
813 1869 983 1981 posticas
1003 1871 1188 1981 corporis
1219 1872 1324 1958 moti
1350 1899 1473 1987 quam
1499 1875 1540 1958 in
1570 1873 1655 1982 ejus
1684 1893 1817 1982 partes
1842 1871 2018 1977 anticas,

437 1997 618 2109 ideoque
648 1995 907 2082 resistentiam
938 1995 981 2080 in
1006 1993 1082 2079 bac
1119 1998 1397 2109 propositione
1433 1995 1677 2112 descriptam
1710 1997 1895 2082 minuere
1921 2023 2005 2082 non

437 2121 594 2233 potell:
626 2117 669 2204 &
699 2117 847 2204 sortior
876 2139 962 2204 non
988 2120 1066 2202 erit
1100 2121 1142 2205 in
1176 2142 1310 2234 partes
1344 2119 1494 2212 anticas
1521 2145 1645 2238 quain
1675 2121 1717 2205 in
1752 2121 1936 2234 posticas,
1975 2119 2005 2202 li

436 2245 569 2328 modo
601 2245 843 2356 propagatio
872 2243 957 2352 eJus
993 2243 1154 2330 infinite
1190 2246 1377 2333 velocior
1408 2243 1454 2332 sit
1490 2267 1614 2362 quam
1650 2244 2005 2393 motusscorporis

437 2366 571 2484 pressi.
626 2368 788 2454 Infinite
813 2382 952 2454 autem
979 2371 1163 2455 velocior
1193 2373 1271 2456 erit
1300 2373 1345 2458 dc
1370 2371 1661 2484 propagabitur
1694 2379 1735 2456 iii
1768 2367 1942 2468 inllanti,
1976 2369 2017 2453 si:

437 2495 568 2582 modo
587 2491 761 2580 fluidum
782 2492 828 2577 sit
850 2492 1093 2579 continuum
1123 2491 1166 2577 uz
1189 2521 1273 2582 non
1296 2494 1513 2582 elassicum.

495 2623 620 2706 Coris.
645 2647 678 2704 i.
705 2615 1016 2732 Cylindroriim,
1044 2622 1116 2734 qui
1137 2618 1362 2710 secundum
1387 2619 1666 2732 longitudines
1695 2617 1777 2704 suas
1791 2618 1834 2701 in
1852 2613 2021 2699 mediis·

439 2749 644 2835 continuis
663 2747 828 2831 infinitis
853 2745 1114 2831 uniformiter
1133 2749 1470 2860 progrediuntur,
1498 2743 1728 2832 resistentie
1753 2739 1843 2827 sunt
1869 2741 1914 2824 in
1941 2763 2006 2822 ra*v

440 2873 554 2956 tione
577 2893 672 2983 quai
700 2869 964 2978 componitur
997 2897 1051 2955 ex
1083 2871 1287 2986 duplicata
1318 2875 1476 2962 ratione
1501 2871 1772 2957 velocitatum
1803 2863 1849 2950 dc
1876 2861 2005 2975 dogm

440 2995 704 3082 saturatione
731 2989 1092 3080 diametrorum&
1117 2997 1277 3085 ratione
1302 2997 1509 3086 densitatis
1536 2995 1788 3082 mediorum.
1842 3083 1846 3090 ,

493 3115 624 3205 Caris.
643 3147 682 3202 2.
716 3117 758 3202 Si
788 3117 1018 3232 amplitudo
1052 3121 1198 3208 canalis
1224 3147 1309 3210 nori
1337 3147 1406 3210 au·

439 3265 582 3358 geatur
607 3245 650 3332 in
678 3239 896 3342 inlinitum,
922 3239 993 3329 sed
1014 3245 1223 3358 'cylindrus
1250 3250 1292 3336 in
1323 3273 1405 3334 me»
1494 3204 1932 3354 KJLMI‘

439 3375 512 3462 dio
534 3373 769 3490 quiescente
797 3368 952 3458 incluso
975 3375 1202 3462 secundum
1229 3379 1405 3490 longitu·
1495 3337 1533 3406 Α
1720 3367 1725 3400 ⁵

439 3503 579 3588 dinem
610 3501 725 3588 suam
746 3499 1044 3613 progrediatur,
1071 3500 1116 3585 dc
1142 3502 1297 3590 interea
1322 3507 1406 3592 axis

440 3623 525 3732 ejus
553 3648 649 3706 cuin
671 3649 746 3706 axe
780 3620 926 3705 canalis
958 3623 1191 3709 coincidat:
1229 3627 1406 3716 resilien-

441 3749 497 3832 tia
522 3743 605 3852 ejus
625 3745 703 3829 erit
723 3744 774 3830 ad
801 3745 885 3828 vim
909 3768 989 3856 qua
1012 3765 1123 3832 totus
1149 3747 1233 3858 ejus
1253 3775 1417 3852 motus,¹
1720 3821 1724 3856 ς

439 3897 526 3988 quo
544 3891 732 3983 tempore
751 3870 1024 3986 quadruplum
1043 3873 1309 3982 longitudinis
1327 3878 1422 3964 sue
1520 3861 1538 3878 ”
1666 3861 1682 3914 ”

440 3993 647 4094 describit,
666 3997 730 4079 vel
750 3997 934 4108 generari
953 3991 1074 4110 possit
1087 4002 1152 4094 vel
1174 4003 1275 4100 tolli,
1291 4005 1332 4090 iri
1347 4033 1404 4090 ra.

440 4123 555 4208 tione
577 4145 669 4236 quae
689 4123 955 4234 componitur
980 4146 1033 4210 eir
1052 4127 1210 4212 ratione
1227 4125 1336 4244 EFq
1353 4129 1419 4216 ad'

441 4246 550 4360 EFq
565 4299 622 4312 -
638 4245 793 4368 ÷PQ
818 4247 954 4348 semel,
976 4249 1020 4334 de
1039 4252 1195 4337 ratione
1216 4249 1338 4368 EFq
1354 4255 1418 4342 τεὼ

442 4369 731 4492 ΕΕᾳ-Ῥὲζᾳ
749 4373 822 4472 bis,
851 4373 1077 4462 &tatione
1099 4376 1303 4468 densitatis
1322 4405 1404 4466 me.-

440 4497 498 4582 dii
518 4496 570 4582 ad
596 4497 833 4586 densitatem
854 4501 1039 4614 cylindri.

497 4623 623 4709 Corol.
645 4651 678 4722 3·
717 4621 862 4710 lisdem
890 4623 1043 4738 positis,
1077 4627 1119 4714 δι
1139 4631 1254 4746 quod
1281 4633 1499 4746 longitudo
1515 4633 1566 4724 xL
1595 4639 1641 4725 fit
1662 4637 1711 4722 ad
1731 4635 2009 4753 quadruplum

440 4747 706 4862 longitudinis
725 4749 898 4862 cylindri
916 4751 1138 4844 iuratione
1162 4781 1256 4870 quae
1279 4761 1543 4902 componitur
1564 4790 1631 4852 tx
1645 4763 1809 4852 tatione.
1828 4759 1875 4845 E
1876 4763 2005 4998 Q}
2016 4811 2019 4816 .
