4450 5674
494 247 560 348 ,μ
763 219 1293 328 sustosoonttu
1337 221 1803 332 Nurunntts

282 408 343 552 ἔοι
362 405 482 552 Mo?
553 397 676 486 Coros.
697 428 736 544 ι..
757 397 817 544 ‘ln
836 399 979 546 mecliis
998 400 1121 544 etiam
1146 401 1428 504 resistentibus,
1454 402 1685 490 fimrarum
1709 401 1961 519 descriptio
1982 409 2090 492 acce·

435 563 438 570 ¹
494 527 842 625 leratur,v1rrurn
880 522 1125 618 duetirones
1159 529 1365 618 declinant
1397 557 1420 616 a
1450 530 1652 618 concursu
1683 531 1921 620 radiorum
1960 534 2091 620 versus

493 655 666 771 plagam,
684 655 728 742 in
747 654 933 770 quamsit
952 675 1098 746 motus.

1163 865 1396 974 Scholium.

553 1099 703 1216 Urgeri
728 1101 862 1218 potest
894 1127 1041 1216 corpus
1069 1129 1091 1184 a
1115 1101 1158 1186 vi
1184 1105 1410 1218 centripeta
1436 1107 1659 1222 compofita
1689 1131 1741 1192 ex
1767 1106 1977 1220 pluribus
2000 1105 2081 1190 viri-

500 1225 584 1314 bus.
638 1229 683 1317 ln
703 1231 784 1317 hoc
804 1229 897 1316 casu
914 1228 1045 1316 sensus
1069 1228 1352 1340 propositionis
1383 1231 1454 1330 est,
1481 1235 1596 1347 quod
1620 1236 1680 1322 uis
1707 1234 1771 1319 illa
1796 1261 1909 1348 quae
1930 1263 1987 1321 ex
2006 1258 2081 1318 om·

496 1353 615 1440 nibus
648 1357 926 1468 componitur,
963 1355 1094 1440 tendit
1118 1355 1169 1440 ad
1202 1353 1395 1467 punflum
1419 1356 1457 1441 S.
1516 1357 1648 1446 Porro
1676 1358 1705 1445 sr
1734 1359 1795 1444 vis
1836 1361 2080 1474 aliquaagat

494 1475 698 1595 perpetuu
726 1485 949 1574 secundum
978 1484 1125 1568 lineam
1158 1479 1384 1596 superficiei
1409 1483 1622 1597 descriptae
1656 1487 2075 1600 perpendicularem

491 1609 582 1696 haec
603 1612 725 1698 faciet
752 1633 798 1700 ut
817 1635 966 1723 corpus
990 1603 1270 1694 deflesirturu
1294 1613 1415 1723 plano
1440 1609 1496 1695 sui
1517 1633 1680 1698 motus:
1708 1611 1779 1696 sed
1799 1615 2076 1726 quantitatem

493 1736 720 1852 superficiei
755 1741 969 1851 descriptae
991 1763 1068 1822 nec
1097 1736 1262 1850 augebit
1290 1765 1366 1825 nec
1387 1737 1558 1842 minuet,
1587 1740 1630 1824 δι
1652 1763 1886 1854 propterea
1907 1741 1953 1827 in
1973 1763 2072 1824 com·

496 1866 696 1978 positione
722 1868 872 1954 virium
899 1863 1140 1976 negligenda
1170 1860 1238 1948 est.

679 2127 1156 2228 PROPOSITIO
1193 2130 1267 2225 lll.
1342 2127 1780 2226 THEOREMA
1821 2135 1908 2228 111.

501 2327 662 2459 Corpus
687 2355 824 2442 ornue,
872 2317 993 2453 quod
1019 2316 1143 2416 radio
1168 2315 1236 2414 ad
1261 2341 1457 2414 centrum
1486 2317 1675 2457 corporis
1708 2315 1901 2417 alterius
1924 2344 2063 2416 utcuu·

568 2513 656 2614 que
680 2473 784 2574 moti
806 2469 931 2572 musio
955 2469 1155 2594 describit
1179 2507 1305 2569 areat
1332 2469 1452 2569 circu
1489 2498 1685 2570 centrum
1716 2469 1844 2570 illud
1866 2463 2061 2606 tempori·

567 2635 645 2738 bus
671 2627 1035 2774 proportionales,
1083 2655 1259 2760 urgetur
1302 2623 1349 2726 ru'
1388 2655 1535 2766 compo
1552 2656 1617 2726 rto
1650 2665 1705 2728 ex
1737 2625 1785 2728 tu'
1819 2623 2059 2762 centripetu

519 2851 525 2860 ·
570 2787 770 2890 tendente
793 2785 860 2885 od
875 2815 1024 2920 corpus
1055 2782 1172 2882 illud
1198 2781 1405 2906 alterum,
1442 2781 1502 2886 b'
1537 2821 1590 2882 ex
1622 2782 1671 2884 ’ω’
1704 2783 1823 2882 omui
1851 2779 2058 2882 accelero·

570 2940 680 3042 trice
704 2975 797 3076 quo
818 2967 970 3076 corpus
992 2937 1108 3036 illud
1126 2937 1315 3036 alterum
1337 2966 1528 3070 urgetur.

557 3192 619 3282 Sit
637 3215 786 3303 corpus
812 3187 990 3301 primum
1015 3183 1064 3282 L,
1080 3185 1123 3271 &
1143 3211 1291 3297 corpus
1313 3187 1482 3274 alterurn
1502 3185 1565 3270 T:
1593 3187 1637 3272 δι
1656 3192 1747 3299 (per
1772 3189 1916 3300 legum
1944 3175 2053 3273 torol.

502 3327 576 3438 vi.)
603 3320 692 3408 srvi
714 3345 832 3415 noro,
859 3340 952 3430 quae
979 3313 1206 3428 equalis&
1231 3316 1431 3400 contraria
1454 3316 1499 3400 fit
1527 3318 1595 3414 illi,
1623 3343 1703 3430 qua
1728 3343 1882 3428 corpus
1901 3317 2055 3398 alteru-m

500 3451 543 3538 T
561 3467 745 3558 urgetur,
780 3461 972 3552 urgeatur
1002 3465 1150 3550 corpus
1178 3458 1398 3552 utrumque
1428 3439 1650 3525 secuudum
1678 3443 1808 3526 lineas.
1831 3436 2054 3555 parallelus

502 3591 648 3687 perget
679 3595 826 3680 corpus
856 3569 1035 3678 primum
1063 3567 1104 3649 L
1129 3566 1358 3653 describere
1384 3567 1491 3651 circa
1521 3587 1668 3679 corpus
1696 3571 1873 3656 alterum
1909 3567 2055 3652 Tarsus

504 3701 666 3789 easdem
692 3723 739 3780 ac
761 3696 899 3809 prius:
937 3694 995 3777 vis
1024 3711 1176 3792 autem,
1204 3720 1283 3806 qua
1309 3721 1460 3808 corpus
1487 3696 1660 3780 alterum
1678 3693 1719 3780 T
1729 3697 1965 3806 urgebatur,
1984 3688 2054 3798 jau

504 3827 732 3914 destruetur
759 3847 834 3932 per
862 3820 946 3902 vim
974 3817 1045 3902 fibi
1070 3821 1267 3932 equalem
1293 3819 1636 3920 &contrariam
1665 3822 1708 3906 δε
1729 3845 1952 3936 propterea
1972 3818 2052 3924 (per

502 3961 582 4070 leg.
609 3959 674 4062 ny
692 3971 841 4060 corpus
861 3943 959 4030 illud
987 3943 1158 4030 alterum
1183 3944 1395 4030 Tsrbimet
1423 3945 1497 4058 ipsi
1522 3943 1605 4052 jam
1637 3943 1821 4032 relislum
1847 3951 1914 4034 vel
1940 3931 2049 4056 quies-

501 4105 582 4182 cet,
602 4079 668 4166 vel
694 4072 926 4160 movebitur
961 4069 1220 4156 uniformiter
1238 4072 1280 4155 in
1299 4071 1526 4156 diretluru:
1567 4069 1611 4154 &
1641 4098 1792 4184 corpus
1816 4075 1991 4184 primum
2018 4053 2050 4140 L

502 4227 676 4318 urgente
700 4198 928 4287 differentia
954 4199 1115 4296 virium,
1150 4199 1194 4284 id
1222 4199 1291 4296 eli,
1325 4219 1498 4306 urgente
1525 4201 1565 4284 vi
1604 4202 1760 4314 reliqua
1787 4221 1933 4314 perget
1957 4211 2049 4280 areas

504 4331 758 4449 temporibus
784 4326 1109 4440 proportionales
1136 4327 1243 4410 circa
1272 4351 1421 4438 corpus
1440 4327 1611 4410 alterum
1631 4327 1925 4414 Tdescribere.
1951 4319 2048 4406 Ten·

490 4467 565 4551 -dit
585 4460 709 4572 igitur
738 4464 830 4570 (per
851 4455 981 4538 theor.
1004 4457 1080 4560 11.)
1108 4449 1337 4541 differentia
1356 4451 1504 4536 virium
1529 4453 1583 4538 ad·
1604 4479 1754 4568 corpus
1774 4457 1874 4542 illud
1894 4456 2043 4540 alterum

502 4594 815 4681 Tutcentrum.
873 4581 1079 4699 QED.

556 4721 682 4806 Corol.
703 4747 734 4802 1.
772 4711 886 4799 Hinc
915 4711 942 4795 li
970 4737 1119 4824 corpus
1149 4735 1275 4795 unum
1301 4707 1342 4790 L
1366 4710 1482 4795 radio
1509 4709 1560 4796 ad
1586 4711 1758 4795 alterum
1784 4705 1958 4796 Tdutlo
1986 4695 2042 4782 dt·

498 4849 635 4935 scribit
657 4867 765 4929 areas
794 4837 1047 4950 temporibus
1076 4836 1400 4948 proportionales
1418 4874 1429 4934 ;
1458 4858 1581 4950 atque
1600 4837 1659 4923 de·
1674 4837 1713 4920 vi
1734 4855 1819 4922 tota
1857 4835 1951 4944 (srve
1970 4823 2045 4911 fim-

407 5050 410 5056 ·
498 4975 609 5086 plici,
646 4971 726 5060 slve
758 4995 812 5056 ex
835 4963 984 5056 viribus
1023 4961 1202 5080 pluribus
1226 4961 1340 5073 juxta
1374 4965 1510 5076 legum
1554 4965 1815 5052 corollarium
1841 4939 2043 5172 secunpuss}¹

1807 5095 2024 5202 compostis
2041 5119 2042 5122 ’
