4352 5646
213 442 266 502 Du
290 447 408 504 Moru

223 523 269 582 Co
273 543 375 586 κκκκκ
380 543 401 583 rt

440 255 536 400 368
705 262 1235 364 PHILOSOPHIAE
1266 252 1724 360 NATURALts

435 501 694 616 physicorum
738 497 778 582 E
816 499 859 585 dc
903 501 943 584 G
981 503 1024 586 in
1061 499 1137 598 itu,
1176 496 1265 585 sunt
1301 515 1348 582 ut
1393 455 1594 646 Vim
1616 483 1662 574 dt
1695 443 1904 637 ἵξῃ
1944 487 2003 571 ad

437 705 582 842 33&
615 741 762 826 virium
789 735 1020 826 differentia
1053 739 1106 823 ad
1139 735 1269 822 medii
1304 737 1390 822 vim
1419 728 1622 817 elasticam
1646 723 1914 822 mediocrem,
1953 743 2005 808 ut

432 805 470 893 V
817 911 870 994 H
880 910 1051 995 L--K
1060 909 1115 994 N
1618 927 1637 982 1

434 1013 1502 1142 WL-:VYK-mm
1524 965 1576 1052 ad
1602 1013 1663 1117 V.
1709 959 1821 1048 -Hoc
1847 961 1918 1061 est,
1956 981 2004 1048 ut

434 1145 737 1362 ''llssfflra
766 1171 836 1360 JV,
875 1207 956 1290 sne
979 1225 1026 1292 ur
1047 1203 1380 1290 HL-KNad
1408 1201 1466 1304 v,
1502 1203 1689 1292 omoao
1718 1202 1793 1308 (os
1818 1201 2007 1313 argutos

435 1385 584 1469 limites
602 1383 895 1489 vibrationum)
916 1377 1185 1494 supponamus
1216 1377 1365 1464 HL&
1378 1378 1478 1461 ΚΝ
1493 1378 1707 1465 indefinite
1726 1379 1907 1464 minores
1926 1375 2008 1462 effe

434 1505 663 1619 quantitate
686 1501 739 1591 V.
796 1504 936 1616 Quare
957 1530 1052 1589 cum
1075 1503 1275 1615 quantitas
1295 1497 1337 1586 V
1359 1499 1496 1599 detur,
1522 1499 1759 1586 differentia
1783 1500 1932 1585 virium
1951 1499 2012 1583 est

438 1651 485 1714 ut
507 1626 755 1726 HL-KN,
783 1630 863 1712 ltoc
883 1627 940 1709 est
966 1627 1041 1729 (ob
1063 1625 1386 1738 proportionales
1408 1623 1646 1707 HL-KN
1654 1626 1709 1708 ad
1730 1621 1830 1719 HK,
1849 1621 1894 1705 δι
1916 1623 2018 1706 OM

437 1753 490 1838 ad
510 1752 578 1836 01
591 1753 657 1837 vel
676 1752 771 1854 OP,
791 1749 983 1863 datasque
1001 1750 1094 1834 HK
1110 1749 1155 1836 δι
1175 1749 1275 1860 OP)
1296 1767 1343 1833 ut
1364 1749 1462 1831 OM
1471 1787 1483 1848 ;
1513 1749 1557 1834 id
1580 1747 1651 1846 cll,
1671 1746 1700 1832 fi
1718 1747 1760 1830 F
1754 1749 1792 1856 f
1806 1747 2010 1834 bilecetur

437 1879 479 1964 in
499 1885 552 1975 Ω,
579 1897 623 1964 ut
651 1881 752 1983 Ωφ..
799 1871 855 1960 Et
873 1874 1027 1959 eodem
1053 1898 1296 1984 argumento
1325 1870 1555 1960 differentia
1586 1873 1736 1958 virium
1758 1871 2009 1961 elallicarum

433 1995 685 2112 ¹pundorum
706 1995 970 2108 ¹physicorum
995 2032 1009 2078 ι
1037 1993 1079 2078 &
1102 2034 1143 2102 y,
1177 1998 1218 2082 in
1247 1995 1384 2080 reditu
1413 1997 1572 2082 lineolae
1596 1993 1772 2108 phylicae
1798 2031 1851 2100 ry
1874 1995 1935 2080 ell
1963 2018 2009 2082 ut

435 2128 532 2232 up.
589 2119 671 2208 Sed
702 2119 933 2207 differentia
952 2121 1015 2204 illa
1043 2117 1105 2222 (id
1132 2120 1202 2219 est,
1236 2117 1416 2206 excelsus
1434 2123 1493 2204 vis
1514 2119 1685 2204 elallicae
1703 2118 1842 2229 pundi
1862 2155 1876 2202 ε
1893 2119 2008 2232 supra

437 2249 523 2333 vim
544 2245 744 2332 elasticam
767 2245 907 2356 pontii
932 2251 990 2356 y)
1021 2243 1078 2328 cll
1097 2244 1156 2329 vis
1182 2270 1263 2359 qua
1286 2243 1496 2354 interjedla
1520 2242 1649 2330 medii
1677 2243 1824 2328 lineola
1849 2243 2010 2355 phyfica

433 2409 491 2476 ay
507 2372 755 2454 acceleratur
773 2371 816 2453 in
842 2367 966 2468 itu&
986 2368 1213 2465 retardatur
1235 2371 1277 2454 in
1297 2368 1433 2454 reditu
1452 2404 1463 2466 ;
1495 2367 1538 2452 δι
1557 2389 1776 2482 propterea
1799 2368 1858 2450 vis
1891 2395 2009 2455 acoe-

437 2488 608 2580 leratrix
624 2494 784 2578 lineolae
810 2491 984 2604 physrcae
998 2527 1063 2598 ιγ,
1090 2493 1147 2575 ell
1163 2515 1208 2578 ut
1228 2494 1349 2606 ipsius
1368 2493 1552 2579 dillantia
1570 2523 1592 2580 a
1612 2494 1753 2580 medlo
1770 2493 2010 2582 vibrationis

436 2621 534 2730 lopo
555 2623 604 2702 Ω.
662 2616 840 2703 Proinde
869 2637 1032 2730 tempus
1057 2621 1150 2728 (per
1176 2645 1297 2733 prop.
1314 2645 1517 2706 xxxvrrr.
1554 2621 1621 2703 lib.
1651 2628 1705 2732 r.)
1732 2616 1835 2702 rede
1871 2645 2009 2729 expo-

435 2747 550 2832 nitur
570 2771 643 2857 per
674 2769 813 2828 arcum
835 2741 909 2824 Pl
915 2779 928 2839 ς
958 2739 1001 2826 δι
1031 2743 1156 2826 medii
1177 2771 1267 2856 pars
1289 2745 1448 2831 linearis
1468 2781 1519 2851 ry
1540 2745 1630 2856 lege
1663 2741 1894 2856 praelcripta
1918 2765 2012 2827 mo·

440 2889 573 2964 vetur,
601 2864 645 2949 id
664 2865 737 2961 ell,
764 2867 855 2976 lege
881 2864 1096 2958 oscillantis
1116 2867 1310 2978 penduli:
1340 2869 1479 2982 estque
1500 2895 1572 2982 par
1592 2871 1698 2954 ratio
1722 2869 1896 2981 partium
1924 2895 2010 2954 om·

436 2993 557 3078 nium
575 2989 786 3076 linearium
803 3016 856 3076 ex
876 2987 1024 3102 quibus
1043 2991 1229 3078 medium
1247 3011 1384 3080 totum
1401 2997 1677 3108 componitur.
1736 2995 1792 3112 ,⁶23
1811 2995 1862 3076 E.
1883 2996 1945 3080 D.

495 3115 623 3218 Corol.
651 3109 767 3198 Hiuc
792 3133 904 3226 patet
929 3113 1045 3227 quod
1065 3141 1257 3202 numerus
1282 3117 1470 3231 pulsuum
1491 3141 1814 3234 propagatorum
1832 3119 1940 3204 idem
1958 3117 2008 3204 lit

434 3267 536 3330 cum
560 3265 736 3326 numero
768 3238 1042 3326 vibrationum
1072 3241 1260 3356 corporis
1278 3245 1457 3343 tremuli,
1486 3272 1621 3360 neque
1651 3246 1943 3358 multiplicatur
1963 3247 2010 3330 in

434 3391 584 3454 eorum
609 3360 833 3478 progreliu.
889 3361 996 3448 Nam
1023 3363 1171 3449 lineola
1191 3365 1354 3480 physica
1377 3404 1442 3474 cy,
1469 3369 1774 3482 quamprimum
1799 3369 1851 3453 ad
1873 3371 2010 3454 locum

439 3491 556 3575 suurn
591 3489 769 3600 primum
797 3487 980 3586 redierit,
1014 3487 1226 3600 quiescet;
1263 3519 1399 3607 neque
1427 3492 1624 3609 deinceps
1654 3495 1907 3594 movebitur,
1942 3495 2012 3580 nili

439 3613 506 3696 vel
528 3609 577 3693 ab
603 3613 762 3719 impetu
788 3609 977 3722 corporis
1004 3614 1183 3712 tremuli,
1209 3617 1275 3700 vel
1297 3615 1347 3699 ab
1374 3617 1534 3732 impetu
1563 3621 1751 3734 pulsuum
1775 3623 1848 3733 qui
1874 3647 1895 3704 a
1919 3643 2012 3701 cor·

440 3759 544 3848 pore
577 3733 755 3816 tremulo
788 3751 1079 3844 propagantur,
1119 3758 1238 3822 motu
1268 3765 1381 3826 nouo
1416 3745 1584 3830 cieatur.
1657 3744 1855 3856 Quiescet
1882 3742 2009 3854 igitur

416 3853 746 3990 *quampnmum
771 3853 942 3990 pulsusa
968 3881 1148 3969 corpore
1171 3865 1348 3949 tremulo
1371 3867 1587 3981 propagari
1603 3867 1804 3956 desinunt.

439 4082 909 4182 PROPOSITIO
946 4083 1166 4198 XLVIII,
1253 4090 1691 4194 THEOREMA
1730 4097 2001 4197 XXXVIII.

437 4247 651 4370 Pulsuum
675 4250 722 4348 in
735 4248 876 4376 fluido
902 4251 1068 4384 elastico
1085 4285 1435 4394 propagatorum
1458 4263 1706 4362 velocitates
1728 4268 1832 4385 firnt
1850 4263 1899 4359 in
1919 4299 2006 4358 ra·

507 4386 622 4485 tione
646 4419 791 4528 compo
810 4415 877 4486 tta
896 4391 1270 4531 exsubduplicata
1288 4397 1459 4500 ratione
1481 4402 1547 4499 vis
1570 4401 1752 4534 elassicae
1768 4397 1928 4500 direile
1940 4395 2005 4504 θ’

496 4521 807 4661 subduplicata
827 4527 995 4627 ratione
1014 4529 1236 4662 densttatis
1256 4535 1425 4659 inoerste
1446 4593 1458 4664 3
1479 4541 1533 4670 st
1552 4540 1818 4670 modofluidr
1834 4539 2008 4640 visela-
2145 4609 2146 4623 ÷

492 4661 609 4798 stica
632 4664 817 4792 ejusdem
836 4666 1153 4792 condensatiani
1166 4676 1508 4814 proportionalis
1530 4681 1613 4817 effe
1618 4685 1918 4820 supponatur.

493 4841 586 4950 Cas
599 4869 631 4925 r.
660 4840 703 4926 Si
726 4841 862 4928 media
881 4843 955 4933 fint
973 4850 1246 4960 homogenea,
1274 4853 1318 4938 dc
1343 4857 1530 4972 pulsuum
1552 4859 1753 4945 distantiae
1773 4860 1816 4946 in
1840 4861 1901 4944 his
1920 4881 2003 4942 me·

434 4966 512 5052 diis
538 4987 751 5082 aequentur
772 4969 881 5060 inter
905 4971 959 5074 se,
983 4971 1054 5062 sed
1084 4997 1221 5065 motus
1246 4979 1394 5068 inuno
1419 4985 1559 5072 medio
1587 4985 1782 5075 intenlior
1806 4985 1880 5069 srt:
1908 5005 2005 5066 con-

1790 5107 2010 5195 tratlioues
