4344 5648
215 421 270 484 D!
292 410 413 474 Μοτυ

419 245 516 346 260
734 249 1261 350 rureosomnm
1309 242 1770 407 Naronaurs

238 507 391 562 οιιοιυιι
428 475 497 566 bet
517 455 587 584 V',
614 482 797 626 prodidit
829 485 999 572 densrtas
1030 484 1157 572 medii

426 701 472 766 ut
497 615 638 794 -S-x
660 628 753 752 ‘ff
769 627 844 760 Μ.
872 673 926 762 Et
941 696 1158 789 propterea

491 769 588 906 Rs?
664 755 755 840 HT

428 939 457 1026 si
482 970 605 1030 curva
631 943 802 1027 inveniri
822 943 953 1050 potest
980 971 1026 1029 ea
1051 944 1156 1056 lege,

426 1465 587 1566 Hi*
677 1469 780 1616 ιει
917 1531 1145 1589 --Μ
1548 1562 1555 1578 .
1656 1561 1670 1578 .
1961 1558 1976 1574 ,

425 1598 511 1699 {1⁷5
592 1563 674 1636 ’ve
702 1579 809 1710 ᾗῑῑ
827 1545 879 1630 ad
905 1551 1022 1661 1³sQ
1032 1551 1082 1661 Ql
1162 1583 1173 1640 ἱ
1212 1587 1361 1673 corpus
1393 1561 1627 1649 movebitur
1653 1587 1697 1645 ιιι
1715 1561 1791 1644 hac
1815 1582 1940 1643 curva
1959 1583 2007 1643 m

427 1733 623 1825 uniformi
660 1737 801 1821 medio
827 1765 922 1822 cunr
950 1741 1165 1830 resrslentia
1192 1776 1283 1862 quae
1314 1753 1361 1836 srt
1398 1771 1446 1838 ut
1475 1749 1702 1837 velocitatis
1733 1747 1909 1856 dignitas
1933 1743 2004 1841 V⁸.

428 1865 509 1952 Sed
539 1864 751 1948 redeamus
776 1864 826 1948 ad
858 1893 999 1950 curvas
1021 1861 1294 1982 srmpliciores.
1966 1871 1969 1874 ⁵

483 1990 692 2103 Quoniam
721 2012 856 2075 motus
881 2018 966 2077 non
991 1993 1036 2076 fit
1057 1997 1098 2080 in
1125 2001 1313 2107 parabola
1337 2003 1410 2087 nist
1436 2003 1478 2087 in
1502 2000 1644 2085 medio
1671 2023 1755 2084 non
1783 1995 2011 2101 resistente,

424 2119 470 2204 in
503 2117 736 2232 hyperbolis
763 2144 863 2204 vero
903 2119 970 2203 hic
996 2119 1207 2234 descriptis
1235 2125 1282 2210 fit
1319 2152 1393 2237 per
1432 2125 1693 2213 resistentiam
1731 2142 2006 2237 perpetuam

425 2246 683 2360 perspicuum
709 2244 766 2330 est
792 2244 906 2358 quod
937 2247 1056 2344 linea,
1096 2274 1221 2362 quam
1256 2253 1465 2366 projedile
1498 2254 1541 2337 in
1566 2253 1708 2356 modio
1739 2249 2009 2336 uniformiter·

426 2373 629 2460 resistente
656 2370 863 2468 describit,
903 2373 1073 2482 propius
1107 2376 1268 2461 accedit
1295 2378 1347 2462 ad
1377 2377 1619 2490 hyperbolas
1642 2374 1759 2462 hasce
1792 2401 1916 2488 quam
1947 2376 2004 2461 ad·

425 2498 670 2610 parabolam.
724 2493 795 2578 Est
813 2497 957 2608 utique
977 2497 1084 2580 linea·
1107 2497 1172 2582 illa
1195 2500 1445 2612 hyperbolici
1475 2501 1651 2609 generis,
1676 2499 1746 2587 sed
1776 2523 1869 2611 quae
1890 2500 2002 2585 circa

427 2622 626 2709 verticem
647 2619 773 2729 magis
788 2619 905 2705 distat
923 2619 972 2702 ab
989 2619 1229 2734 osymptotis
1244 2661 1260 2724 ;,
1284 2627 1327 2710 in
1348 2623 1569 2738 partibusa
1593 2626 1748 2711 vertice
1765 2624 1999 2709 remotiori-

425 2749 502 2836 bus
516 2749 686 2864 propius
705 2745 757 2830 ad
770 2746 872 2858 ipsas
886 2745 1047 2830 accedit
1065 2773 1188 2862 quam
1209 2777 1286 2864 pro
1305 2750 1464 2835 ratione
1484 2733 1800 2862 hyperbolarum
1817 2771 1915 2862 quas
1927 2747 1997 2830 hic

428 2871 630 2982 descripfi.
657 2869 793 2954 Tanta
812 2882 913 2953 vero
938 2890 1023 2950 non
1044 2872 1102 2950 est
1122 2873 1231 2954 inter
1251 2871 1375 2953 has&
1388 2874 1503 2956 illam
1517 2866 1761 2966 differentia,
1775 2875 1876 2983 quin
1894 2870 2007 2958 illius

429 3008 525 3093 loco
538 2996 688 3111 poffint
704 2997 768 3079 hae
779 2997 821 3079 in
834 2993 954 3077 rebus
969 2987 1156 3103 predicis
1180 2996 1185 3024 ³

430 3150 515 3211 non
546 3119 813 3210 incommode
841 3116 1037 3204 adhiberi.
1095 3112 1152 3200 Et

430 3249 613 3334 utiliores
640 3245 772 3331 forsan
797 3241 947 3328 suturae
968 3240 1059 3326 sunt
1082 3241 1159 3338 hae,

431 3397 554 3484 quarn
574 3369 800 3484 hyperbola
817 3367 943 3474 magis
968 3383 1161 3449 accurato

433 3497 475 3584 dc
495 3497 608 3583 simul
628 3495 752 3605 magis
777 3488 1016 3604 composrta.
1058 3487 1158 3603 lpsae

431 3650 534 3713 uero
558 3626 601 3710 in
630 3627 745 3724 usum
762 3621 814 3706 fic
837 3621 1108 3706 deducentur.

461 3753 728 3862 Compleatur
744 3748 1164 3862 parallelogrammum

434 3877 483 3962 X
487 3879 529 3962 Υ
530 3879 568 3962 G
579 3879 624 3976 T,
644 3879 688 3962 dc
705 3877 812 3960 ressa
827 3875 915 3958 GT
928 3892 1066 3982 tanget
1089 3874 1158 3984 hy-

434 4005 645 4118 perbolam
673 4004 717 4086 in
748 4001 799 4099 G,
826 3997 1006 4111 ideoque
1027 3995 1160 4081 densi-

435 4151 493 4215 tas
512 4128 638 4216 medii
660 4129 702 4210 in
726 4125 764 4207 G
790 4124 846 4208 est
874 4123 1087 4233 reciproce
1114 4138 1161 4204 ut

438 4273 603 4366 tangens
620 4251 710 4350 GT,
731 4250 774 4334 dc
793 4251 986 4334 velocitas
1001 4243 1165 4330 ibidem·

436 4467 484 4534 ut
503 4381 650 4532 »λς-ψη
696 4439 913 4526 resistentia
941 4454 1077 4526 autem
1105 4433 1162 4517 ad

561 4513 646 4596 GV
657 4502 670 4543 '

435 4689 519 4789 uim
536 4681 798 4797 gravitatisur
820 4673 899 4762 GT
904 4676 954 4764 ad
969 4611 1159 4740 Q
1239 4783 1243 4788 ¹

1008 4753 1124 4856 '¹472'-
1207 4797 1251 4860 M
1326 4799 1368 4864 A
1682 4800 1758 4874 BD
1822 4796 1860 4852 ss
1950 4783 1986 4840 Ν

435 4892 602 4986 inula,
1777 4943 1781 4952 ·

1809 5022 2004 5112 Proinde
