4312 5652
414 191 819 325 antarctvra
866 229 1462 332 uarunuarrcn.
1635 242 1777 360 243'

162 411 351 480 motuum
378 397 707 507 proportionales
739 399 851 497 totis,
878 421 998 484 erunt
1030 423 1077 486 ut
1097 403 1191 488 cubi
1213 404 1509 488 diametrorum
1529 401 1578 486 ad
1604 399 1734 511 digni·
1750 393 1964 534 stsscfflw

17 383 22 429 l

14 538 19 588 t
118 523 413 606 ·tatemillarn
440 525 643 634 applicati.
701 524 833 608 Sunto
852 527 1043 611 diametri
1068 526 1256 628 D&E;
1286 527 1639 622 &stresrllentiae,
1665 527 1735 613 ubi

159 665 393 748 velocitates
423 667 595 777 aequales
628 687 853 776 ponuntur,
881 667 1257 756 s1ntutD⁸th⁸t
1288 670 1409 782 spatia
1437 671 1582 783 quibus
1610 668 1736 776 globi,

157 787 463 900 quibulcunque
484 815 579 874 cum
600 789 884 874 velocitatibus
901 796 1020 891 moti,
1049 793 1237 878 amittent
1265 815 1397 905 partes
1424 815 1613 876 motuum
1640 818 1735 903 pro·

157 929 407 1041 portionales
434 932 545 1030 totis,
575 951 694 1017 erunt
715 952 760 1016 ut
778 930 886 1014 D³·”
905 930 947 1014 ur
964 928 1074 1015 E³·⁸.
1131 929 1187 1016 Et
1209 952 1428 1048 propterea
1455 933 1567 1041 globi
1587 936 1732 1019 homo·

12 1083 15 1112 ‘¹
155 1079 277 1178 genei
305 1070 578 1156 describendo
619 1069 741 1183 spatia
769 1069 859 1180 ipsrs
896 1067 1200 1156 D¹⁴&E³··-⁸
1246 1073 1590 1184 proportionalia,
1636 1073 1732 1158 reti·

11 1243 13 1246 ·
152 1197 311 1280 nebunt
339 1194 576 1280 velocitates
600 1195 640 1279 in
660 1195 803 1278 eadem
824 1194 982 1279 ratione
1000 1195 1051 1278 ad
1072 1197 1249 1280 invicem
1270 1222 1315 1279 ac
1332 1195 1403 1279 sub
1423 1196 1554 1280 initio.

210 1319 338 1403 Coros.
359 1349 394 1424 4.
422 1317 552 1431 Quod
574 1317 602 1402 sr
622 1317 735 1427 globi
755 1343 838 1402 non
864 1316 939 1403 srnt
963 1320 1226 1427 homogenei‚
1253 1317 1425 1429 spatium
1453 1317 1619 1430 aglobo
1634 1315 1734 1403 den·

150 1443 258 1530 frore
290 1446 541 1555 descriptum
574 1443 711 1553 augeri
741 1442 866 1528 debet
896 1446 937 1529 in
975 1446 1133 1530 ratione
1160 1445 1377 1529 densatatis.
1433 1442 1578 1529 Motus
1606 1440 1733 1546 enim,

149 1569 221 1657 sub
255 1571 341 1682 pari
363 1570 598 1662 velocitate,
629 1567 757 1678 major
786 1569 843 1653 est
871 1571 913 1655 in
941 1571 1099 1655 ratione
1128 1569 1349 1667 densitatis,
1385 1566 1427 1650 dt
1456 1589 1618 1682 tempus
1639 1573 1731 1679 (per

149 1698 257 1784 hanc
290 1694 646 1807 propositionem)
672 1712 844 1804 augetur
874 1693 1102 1782 iuratione
1128 1717 1266 1780 motus
1291 1689 1461 1790 diretie,
1489 1720 1535 1778 ac
1555 1693 1731 1806 spatium

149 1819 404 1931 descriptum
436 1821 478 1904 in
508 1819 667 1903 ratione
700 1818 908 1928 temporis.

203 1947 331 2036 Comi.
353 1977 389 2050 5.
434 1941 489 2028 Et
523 1945 553 2028 fi
580 1944 694 2056 globi
725 1963 968 2028 moveantur
996 1945 1040 2031 in
1067 1946 1215 2033 mediis
1247 1941 1442 2042 diversrs;
1483 1942 1655 2054 spatium
1686 1944 1731 2030 in

147 2073 308 2169 medio,
342 2070 458 2184 quod
496 2071 655 2155 caeteris
690 2068 851 2181 paribus
888 2071 1014 2178 magis
1046 2071 1200 2180 refillit,
1241 2071 1556 2156 diminuendum
1583 2072 1662 2156 erit
1687 2071 1732 2158 in

146 2199 311 2281 ratione
328 2193 489 2302 majoris
507 2192 750 2278 refilientiae.
806 2189 994 2302 Tempus
1013 2193 1123 2279 enim
1144 2194 1238 2307 (per
1260 2195 1362 2279 banc
1387 2194 1729 2306 proposttionem)

147 2321 405 2409 diminuetur
423 2318 466 2405 in
489 2316 649 2404 ratione
674 2314 907 2403 relidentiae
938 2315 1079 2420 ausiae,
1106 2317 1150 2404 aa
1176 2319 1352 2434 spatium
1379 2317 1603 2408 iuratione
1627 2339 1732 2406 tem·

148 2447 276 2564 poris.

693 2562 737 2658 L
774 2563 809 2659 E
846 2563 902 2656 M
938 2565 994 2658 M
1030 2568 1076 2659 Α
1146 2567 1203 2662 ll.

147 2766 434 2870 Momentum
457 2755 618 2891 genitae
655 2781 861 2894 aequatur
890 2757 1117 2858 momentis
1148 2756 1339 2858 laterum
1353 2754 1631 2894 stragularum
1647 2795 1728 2896 ge-

217 2913 477 3024 nerantium
499 2911 547 3012 in
579 2911 813 3013 earundem
846 2909 1039 3014 laterum
1075 2912 1237 3016 indices
1265 2912 1536 3052 dignitatum
1562 2913 1623 3021 ἔθ’
1656 2953 1727 3016 co·

218 3069 462 3212 efficientia
488 3070 688 3171 continue
714 3067 869 3170 dusiis.
1733 3103 1736 3109 ·

205 3324 404 3412 Genitam
431 3342 541 3403 voco
568 3317 843 3430 quantitatem
868 3340 1054 3416 omnem,
1079 3341 1174 3431 quae
1201 3343 1256 3404 ex
1280 3317 1472 3404 lateribus
1496 3319 1562 3405 vel
1586 3321 1728 3406 termi-

146 3453 211 3541 nis
242 3443 551 3562 quibuscunque
577 3440 620 3524 in
648 3437 905 3524 arithmetica
936 3467 1012 3553 per
1039 3441 1440 3555 multiplicationem,
1474 3441 1730 3547 divisionem,

147 3577 194 3664 δι
220 3570 517 3662 extradionem
554 3565 770 3663 radicum,
806 3565 849 3650 in
880 3568 1109 3678 geometria
1135 3595 1209 3682 per
1232 3569 1513 3653 inventionem
1540 3569 1606 3656 vel
1629 3595 1730 3656 cott-

146 3723 360 3793 tentorum
388 3695 433 3782 &
461 3696 650 3790 laterum,
686 3692 751 3776 vel
775 3712 1052 3781 extremarum
1077 3693 1122 3780 δι
1151 3694 1379 3782 mediarum
1410 3695 1728 3808 proportionali·

2 3861 8 3872 ’
145 3857 235 3927 um,
260 3827 342 3912 stne
362 3820 575 3909 additione
594 3815 638 3900 δε
655 3815 924 3903 subdufflone
955 3841 1184 3930 generatur.
1240 3817 1454 3928 Ejusmodi
1481 3823 1728 3933 quantitates

146 3955 240 4042 sunt
260 3947 370 4045 iasii,
388 3946 522 4062 quoti,
548 3944 718 4041 radices,
736 3946 980 4053 restangulm
1007 3944 1218 4058 quadrata,
1238 3945 1350 4044 cubi,
1367 3949 1490 4031 latera
1508 3946 1729 4058 quadrata,

145 4081 275 4166 latera
292 4071 451 4172 cubica,
478 4069 523 4155 dc
541 4068 697 4155 ssmiles.
752 4067 842 4155 Has
871 4077 1132 4182 quantitates,
1162 4088 1208 4154 ut
1235 4069 1569 4154 indeterminatas
1597 4069 1640 4152 &
1667 4071 1727 4154 in·

145 4207 318 4304 llabiles,
346 4197 390 4286 dc
411 4195 524 4312 quast
558 4217 676 4282 motu
709 4196 878 4282 fluxuve
901 4215 1114 4306 perpetuo
1140 4195 1369 4281 crescentes
1396 4198 1461 4279 vel
1491 4195 1728 4283 decrescen-

149 4358 224 4431 tes,
250 4331 319 4418 bic
346 4326 589 4424 confider03
626 4323 669 4409 dc
704 4351 842 4408 earum
871 4323 1125 4408 incrementa
1159 4324 1223 4408 vel
1252 4324 1516 4408 decrementa
1544 4345 1729 4410 momen·

149 4479 267 4544 tanea
297 4456 370 4542 sub
400 4455 569 4541 nomine
596 4471 905 4538 momentorum
936 4451 1154 4560 intelligo:
1196 4449 1252 4534 ita
1285 4471 1331 4535 ut
1364 4448 1617 4533 incrementa
1651 4475 1729 4561 pro

149 4579 370 4666 momentis
388 4576 586 4662 addititiis
612 4575 682 4662 seu
707 4572 974 4670 affirmativis,
1001 4601 1048 4658 ac
1077 4571 1343 4658 decrementa
1368 4597 1446 4686 pro
1473 4570 1728 4657 subduttiriis

149 4706 218 4792 seu
251 4707 447 4816 negativis
469 4705 703 4791 habeantur.
760 4699 874 4787 Cave
900 4720 1036 4787 tamen
1062 4701 1312 4787 intellexeris
1338 4701 1554 4810 particulas
1583 4699 1727 4782 finitas.
1799 4729 1804 4739 ·

149 4829 367 4916 Particulae
402 4829 529 4916 linitae
564 4855 648 4915 non
675 4827 766 4913 sunt
796 4845 1019 4924 momenta,
1053 4824 1124 4911 sed
1153 4823 1398 4940 quantitates
1429 4823 1524 4932 ipsae
1555 4845 1609 4906 ex
1641 4843 1728 4903 mo·

150 4953 300 5042 mentis
325 4953 491 5067 genitae.
546 4949 812 5063 intelligenda
841 4947 940 5157 supr·
959 4948 1158 5061 principia
1180 4944 1344 5057 jamjam
1372 4941 1575 5030 nascentia
1599 4939 1729 5026 finita·

929 5100 944 5158 r
972 5101 997 5154 2
1636 5089 1730 5150 tum
