4336 5656
438 303 531 370 100
698 273 1227 376 PHILOSOPHIAE
1272 269 1731 378 NATURALIS

895 571 1101 668 LEM
1137 575 1273 668 MA
1345 569 1548 670 XXVII.

436 739 709 880 Trapezr'um
719 741 867 882 specie
881 739 1035 842 datum
1047 739 1301 866 describere,
1327 745 1443 870 cujus
1467 737 1617 874 anguli
1640 735 1707 838 ad
1722 733 1867 840 redas
1892 737 2037 878 q'rca·
2141 867 2142 870 Ν

507 924 604 996 tuor
618 895 829 1036 poſstione
852 895 995 1020 datas,
1024 935 1122 1033 quae
1145 932 1286 1033 neque
1311 930 1452 994 omnes
1467 893 1704 1034 parallelae
1714 898 1838 1018 stent,
1864 934 2034 1034 neque
2131 974 2139 1017 ι

507 1052 578 1152 ad
590 1089 812 1153 commune
833 1049 1049 1190 paullum
1082 1078 1358 1188 convergunt,
1411 1047 1547 1182 anguli
1575 1049 1641 1148 ad
1649 1045 1843 1182 fingulas
1873 1053 2032 1186 corfi-
2141 1073 2142 1078 '

493 1207 627 1338 flent.

492 1373 655 1461 Dentur
677 1369 877 1485 politione
895 1371 1016 1458 κᾶε
1033 1390 1209 1485 quatuor
1232 1369 1390 1468 ΑΒΘ,
1403 1369 1517 1468 AD,
1545 1367 1586 1450 B
1597 1369 1662 1468 D,
1690 1369 1801 1466 GE,
1830 1397 2023 1484 quarum
2132 1422 2138 1465 ,

436 1499 566 1610 prima
584 1495 693 1582 secet
720 1493 938 1582 secundam
957 1497 999 1581 in
1023 1498 1080 1593 A,
1109 1495 1269 1579 tertiam
1288 1493 1329 1577 in
1351 1492 1404 1588 B,
1432 1492 1475 1577 &
1502 1511 1686 1606 quartam
1715 1495 1757 1578 in
1777 1497 1839 1580 C:
1868 1497 1916 1580 &
1939 1500 2023 1584 de.

435 1621 695 1711 scribendum
715 1619 762 1705 fit
788 1621 1012 1731 trapezium
1033 1623 1104 1734 fg
1126 1619 1152 1702 b
1173 1620 1204 1717 r',
1231 1618 1346 1732 quod
1373 1617 1419 1704 s1t
1443 1619 1625 1730 trapezio
1652 1615 1736 1702 FG
1749 1619 1831 1700 HI
1852 1622 2022 1723 fimile;
2145 1661 2146 1740 g

435 1749 480 1836 ἃ
508 1759 625 1857 cujus
659 1748 887 1858 angulusf,
920 1747 1069 1857 angulo
1093 1745 1193 1830 dato
1218 1745 1261 1826 F
1284 1743 1462 1858 aequalis,
1497 1763 1631 1857 tangat
1659 1744 1811 1831 tellam
1839 1751 2022 1850 Aac,
2145 1745 2146 1764 ¹

436 1877 658 1991 caeterique
677 1871 813 1982 anguli
836 1897 881 1984 g,
900 1871 940 1970 h,
957 1873 989 1972 i,
1016 1872 1175 1956 caeteris
1198 1871 1353 1982 angulis
1369 1869 1473 1956 datis
1494 1869 1548 1970 G,
1573 1869 1634 1968 H,
1657 1869 1686 1953 1
1708 1877 1894 1987 aquales,
1921 1901 2017 1966 tan·
2145 1947 2146 1988 ᾗ

437 2021 534 2113 gant
561 2017 727 2084 caeteras
755 1995 877 2079 lineas
903 1992 1025 2092 AD,
1053 1991 1172 2089 BD,
1200 1991 1289 2076 ΟΕ
1313 1993 1546 2106 τείρεᾶἰνε.
1597 1992 1797 2106 Jungntur
1831 1999 1941 2083 FH
1965 2003 2016 2088 ἃ
2146 2048 2147 2116 Ν

438 2129 555 2244 super
591 2123 637 2208 F
643 2122 699 2222 G,
732 2119 772 2204 F
783 2117 845 2219 H,
876 2117 920 2203 F
926 2117 958 2202 I
987 2116 1266 2208 describantur
1301 2120 1482 2207 totidem
1512 2119 1762 2208 circulorum
1798 2123 2019 2238 segmenta
2146 2127 2147 2210 ἴ

440 4039 521 4194 FS
535 4109 588 4208 G,
624 4007 716 4196 FJT
722 4112 779 4212 H,
816 4111 946 4198 FVI
957 4151 969 4212 ς
1006 4137 1184 4226 quorum
1209 4110 1387 4222 primum
1417 4107 1548 4192 FSG
1574 4107 1706 4219 capiat
1730 4115 1923 4223 angulum
1948 4139 1997 4200 ε·

441 4239 602 4352 qualem
633 4241 777 4432 arssnlo
806 4239 976 4337 BAD,
1009 4237 1233 4324 secundum
1257 4235 1403 4361 ΠΗ
1424 4237 1553 4344 capiat
1585 4236 1775 4343 angulum
1805 4244 1997 4356 aequalem

440 4351 588 4454 angulo
616 4350 652 4433 C
723 4351 788 4448 D,
816 4375 862 4432 ac
893 4349 1065 4433 tertium
1090 4347 1224 4428 FVI
1247 4363 1378 4457 caput
1413 4345 1602 4453 angulum
1629 4347 1826 4459 aequalem
1853 4351 1995 4462 angulo

437 4471 597 4556 ΑΘΕ.
672 4471 856 4558 Describi
885 4493 1021 4558 autem
1053 4472 1207 4559 debent
1235 4471 1440 4582 segmenta
1473 4471 1523 4554 ad
1550 4495 1615 4556 eas
1641 4497 1773 4584 partes
1804 4477 1996 4564 linearum

438 4595 540 4689 FG,
570 4595 681 4695 FH,
713 4599 756 4682 F
768 4599 807 4697 I,
833 4618 878 4683 ut
904 4599 1110 4684 literarum
1140 4598 1318 4683 FSGF
1338 4599 1448 4683 idem
1482 4598 1529 4682 srt
1556 4599 1662 4684 ordo
1688 4602 1892 4689 circularis
1929 4605 1995 4718 qui

436 4723 644 4807 literarum
685 4724 782 4807 BA
797 4725 848 4808 D
871 4725 922 4823 B,
971 4746 1099 4838 utque
1141 4726 1268 4811 literae
1310 4724 1354 4809 F
1368 4723 1466 4810 ΤΗ
1480 4725 1524 4808 F
1551 4727 1700 4812 eodem
1731 4729 1877 4816 ordine
1906 4757 1994 4818 cum

434 4847 560 4936 literis
592 4849 631 4938 C
644 4849 684 4931 B
704 4853 755 4934 D
774 4852 820 4951 C,
847 4851 890 4934 δι
918 4851 1046 4937 literae
1066 4850 1166 4933 FV
1168 4851 1198 4935 I
1210 4852 1254 4934 F
1276 4852 1425 4939 eodem
1452 4879 1547 4939 cum
1570 4855 1694 4940 literis
1721 4859 1770 4940 A
1784 4857 1822 4942 C
1835 4859 1932 4942 EA
1955 4860 1994 4942 in

433 4974 580 5062 orbem
598 4973 780 5065 redeant.
836 4973 1131 5087 Compleantur
1160 4975 1369 5088 segmenta
1392 4981 1434 5067 in
1454 4981 1628 5069 circulos
1645 4982 1844 5094 integros,
1872 4986 1993 5098 litque

1844 5113 1889 5198 P
1906 5138 1991 5199 cen
