4352 5646
470 251 573 357 432
739 221 1269 320 PHILOSOPHIAE
1304 219 1768 322 NATURALIS

262 385 447 530 {³¹Mflffl
388 405 446 448 ΜΝ
525 389 636 476 Haec
663 395 801 478 omnia
829 391 950 479 irase
974 390 1139 489 habent,
1167 416 1221 476 ex
1247 393 1460 504 hypothesr
1485 391 1600 505 quod
1626 392 1684 476 sol
1715 391 1758 475 δι
1789 393 2050 506 terraquie·

430 485 601 612 scunt,
629 513 673 598 dc
695 518 785 601 luna
810 539 998 627 tempore
1016 514 1215 626 synodico
1243 513 1405 600 dierum
1423 544 1486 617 27.
1513 517 1602 600 hor.
1625 543 1660 618 7.
1690 515 1788 600 min.
1809 545 1874 620 43.
1904 519 2047 600 revoi-

469 637 590 724 vitur.
658 639 770 726 Cum
799 663 936 726 autem
963 637 1155 779 periodus
1180 637 1371 750 synodica
1397 640 1543 723 lunaris
1578 663 1676 722 vere
1708 639 1754 722 srt
1782 638 1948 724 dierum
1976 669 2045 745 29.

468 763 559 848 hor.
583 789 643 848 12.
662 762 705 846 ἃ
724 765 821 849 min.
838 795 904 870 44,
930 787 1070 870 augerr
1057 763 1241 847 debent
1256 783 1562 847 momentorum
1580 763 1833 848 incrementa
1853 766 1895 847 in
1915 766 2042 850 ratio·

468 911 522 974 ne
546 889 755 1002 temporis,
785 891 921 987 idest,
948 889 991 972 in
1009 889 1168 974 ratione
1195 887 1375 992 1080857
1402 888 1452 973 ad
1483 916 1682 972 1000000.
1723 888 1824 974 Hoc
1840 892 1962 1004 paeto
1979 895 2040 976 in.

468 1036 726 1100 crementum
751 1032 901 1109 totum,
936 1011 1051 1124 quod
1083 1031 1170 1096 erat
1195 1037 1284 1122 pars
1309 1027 1428 1108 eff„
1458 1014 1657 1098 momenti
1681 1014 1919 1114 mediocris,
1956 1025 2038 1122 jam

467 1137 541 1225 fiet
569 1138 748 1258 ejusdem
776 1166 865 1250 pars
892 1151 1018 1240 -“-“.-“-,-.
1088 1133 1271 1251 Ideoque
1297 1160 1555 1224 momentum
1584 1163 1688 1224 areae
1716 1141 1758 1226 in
1789 1144 2038 1254 quadratura

469 1263 576 1350 lunae
595 1263 673 1349 erit
694 1263 745 1348 ad
767 1263 851 1372 ejus
870 1277 1127 1347 momentum
1146 1261 1188 1346 in
1203 1260 1362 1372 syzygia
1383 1282 1428 1346 ut
1450 1289 1687 1366 11023-50
1712 1264 1763 1346 ad
1787 1293 1890 1346 1102
1895 1272 2037 1374 3450,

467 1386 539 1476 seu
563 1413 686 1494 ¹0973
710 1386 763 1471 ad
785 1410 931 1484 ¹1073t
967 1381 1011 1466 dt
1038 1381 1088 1466 ad
1108 1381 1192 1490 eius
1214 1405 1485 1482 momentum,
1513 1386 1584 1470 ubi
1609 1387 1703 1469 iuna
1728 1385 1769 1469 in
1788 1387 1868 1471 aiio
1891 1392 2037 1501 quovis

468 1509 567 1597 loco
585 1507 833 1597 intermedio
853 1509 898 1594 P
916 1503 1110 1606 versatur,
1137 1526 1183 1590 ut
1208 1533 1331 1615 10973
1353 1507 1405 1592 ad
1427 1507 1692 1618 109734‘Pd,
1707 1507 1913 1596 existente
1926 1515 2035 1604 vide.

467 1636 566 1726 licet
585 1629 664 1720 TP
678 1631 821 1746 aequali
843 1658 931 1716 roo.

460 1853 464 1860 ,
525 1765 636 1846 Area
657 1760 796 1870 igitur,
831 1781 953 1868 quam
984 1752 1079 1838 luna
1105 1751 1221 1838 radio
1248 1751 1300 1838 ad
1326 1770 1474 1837 terram
1501 1748 1626 1837 ducto
1653 1753 1812 1864 singulis
1840 1765 2033 1872 temporis

468 1883 676 1998 particulis
696 1879 914 1994 equalibus
940 1875 1144 1975 describit,
1171 1877 1229 1961 est
1254 1903 1378 1990 quam
1405 1878 1594 1988 proxime
1623 1895 1670 1961 ut
1695 1879 1850 1966 summa
1876 1887 2032 1972 numeri

471 2011 620 2118 219,46
639 2005 682 2090 or
698 2005 799 2090 srnus
817 2001 921 2088 versr
946 1999 1162 2110 duplicatae
1185 1999 1380 2085 distantiae
1399 2001 1506 2085 lunae
1523 2028 1546 2085 a
1569 2001 1812 2115 quadratura
1836 2011 2032 2116 proxima,

470 2135 514 2220 in
540 2133 695 2218 circulo
715 2127 827 2238 cujus
846 2123 980 2211 radius
999 2121 1057 2208 est
1073 2127 1215 2210 unitas.
1273 2121 1381 2209 Haec
1405 2124 1520 2209 irase
1541 2125 1691 2210 habent
1710 2128 1779 2211 ubi
1803 2131 1972 2218 variatio
1991 2137 2030 2220 in
2130 2111 2135 2127 ’

468 2255 697 2344 ortantibus
723 2253 781 2340 est
814 2247 1100 2360 magnitudinis
1132 2246 1365 2336 mediocris.
1428 2247 1498 2333 Sin
1535 2251 1705 2334 variatio
1740 2253 1797 2337 ibi
1829 2257 1961 2365 major
1988 2260 2030 2343 sit

470 2385 537 2474 uel
559 2385 710 2482 minor,
733 2380 873 2490 augeri
898 2375 1023 2464 debet
1038 2375 1103 2461 vel
1122 2374 1251 2460 minui
1269 2373 1371 2464 finus
1389 2374 1457 2464 ille
1478 2375 1613 2462 versus
1638 2378 1682 2462 in
1701 2379 1848 2467 eadem
1866 2389 2031 2474 ratione.

560 2689 1026 2793 PROPOSITIO
1066 2689 1272 2807 XXVII.
1355 2692 1767 2788 PROBLEMA
1811 2695 1937 2797 Vnt.

540 2855 618 2960 Ex
645 2883 765 2956 matu
789 2851 965 2958 horario
992 2849 1103 2952 lunae
1122 2853 1319 2953 invenire
1340 2849 1469 2992 pstur
1495 2852 1750 2986 dissanriam
1769 2894 1801 2953 a
1824 2887 1960 2961 term,

488 3063 496 3078 ’
526 3093 652 3190 Area,
693 3111 816 3202 quam
842 3085 937 3171 suna
962 3084 1079 3171 radio
1109 3083 1160 3170 ad
1192 3102 1341 3171 terram
1369 3081 1495 3170 dudio
1529 3084 1690 3196 singulis
1718 3091 1915 3220 temporis
1943 3117 2030 3178 mo·

471 3215 620 3303 mentis
648 3209 854 3308 describit,
883 3208 940 3294 est
966 3229 1013 3294 ut
1031 3227 1167 3294 motus
1186 3210 1366 3294 horarius
1385 3211 1491 3293 lunae
1511 3208 1555 3292 δι
1571 3203 1813 3323 quadratum
1831 3211 2030 3299 distantiae

465 3343 576 3428 iunae
594 3366 617 3423 a
636 3356 742 3422 terra
768 3332 1054 3440 conjundiim,
1040 3329 1129 3414 &
1148 3353 1366 3444 propterea
1394 3331 1578 3416 distantia
1608 3334 1715 3418 sunae
1740 3355 1888 3420 aterra
1910 3338 2001 3422 est
1990 3365 2031 3424 ιιι

468 3469 629 3552 ratione
650 3459 874 3572 composita
901 3485 952 3544 err
978 3456 1256 3569 subduplicata
1275 3457 1432 3542 ratione
1449 3483 1555 3542 areae
1582 3453 1738 3543 diresie
1760 3457 1805 3542 dc
1833 3435 2031 3575 sbbdupli·

468 3609 560 3680 cata
584 3587 742 3674 ratione
761 3603 897 3669 motus
916 3581 1064 3666 horarii
1081 3583 1250 3668 inverse.
1305 3581 1426 3700 QE.
1440 3581 1479 3664 1.

528 3711 654 3796 Coros.
681 3737 713 3792 1.
751 3705 867 3792 Hinc
897 3705 1017 3790 datur
1047 3706 1153 3788 lunae
1182 3707 1381 3792 diameter
1412 3731 1633 3818 apparens.
1676 3709 1826 3822 quippe
1854 3733 1947 3819 quae
1980 3709 2031 3794 sit

469 3835 684 3945 reciproce
704 3851 751 3916 ut
767 3829 885 3943 ipsrus
906 3824 1089 3912 distantia
1108 3849 1265 3946 alterra.
1321 3830 1507 3917 Tentent
1524 3833 1741 3917 astronomi
1758 3857 1880 3944 quam
1898 3831 2031 3943 probe

467 3956 559 4054 nac
579 3955 715 4064 regula
735 3979 829 4040 cum
850 3951 1127 4066 phoenomenis
1148 3974 1359 4064 congruat.

527 4083 652 4168 Coros.
671 4107 709 4165 2.
748 4077 865 4166 Hinc
901 4077 1023 4163 eriam
1058 4080 1168 4165 orbis
1202 4080 1351 4168 lunatis
1393 4081 1617 4170 accuratius
1656 4107 1712 4168 ex
1752 4079 2026 4195 phanomenis

468 4229 592 4325 quam
609 4201 778 4296 antehac
797 4199 958 4289 definiri
977 4199 1119 4316 potest.
