4312 5652
461 301 556 370 222
715 257 1755 374 PHILOSOPHIAE‘NATURALIS

248 449 436 594 psuosp
460 442 696 557 hyperbola.
751 443 835 532 Sed
867 443 989 532 millis
1021 445 1253 554 huJusmodi
1285 447 1648 589 propolitionibus,
1688 473 1819 566 pergo
1851 451 1904 540 u'd
1938 453 2031 542 alias

462 568 655 686 quasdam
674 568 727 656 de
749 589 883 671 motu,
906 597 1005 690 quas
1023 570 1210 658 nondum
1231 591 1361 686 attsgs.

941 835 1346 964 suerro
1413 860 1551 962 xlv.

467 1047 546 1154 De
567 1075 685 1150 motu
707 1017 934 1192 corporum
956 1049 1255 1177 minimorum,
1282 1087 1379 1188 qua
1401 1047 1566 1150 viribus
1590 1048 1840 1187 ceutripetis
1862 1049 1931 1149 ad
1927 1049 2031 1184 stu·

530 1205 661 1341 gulas
680 1206 831 1346 magni
853 1205 1034 1339 alicujus
1052 1204 1240 1348 corporis
1251 1233 1410 1350 partes
1433 1203 1700 1308 tendentibus
1724 1205 1966 1342 agitantur.

522 1523 989 1624 PROPOSITIO
1024 1523 1205 1625 XCIV.
1279 1524 1711 1625 THEOREMA
1748 1515 1971 1621 XLVIII.

462 1703 517 1810 Si
542 1705 691 1816 media
712 1709 794 1811 duo
804 1707 1055 1843 stmilaria,
1081 1709 1230 1846 spatio
1255 1708 1410 1851 planis
1434 1703 1669 1849 parallelis
1701 1703 1912 1839 utrinque
1944 1729 2036 1801 ter·

534 1865 718 1993 minato,
742 1863 1063 2002 distinguantur
1085 1866 1369 1994 abinvicem,
1404 1863 1467 1974 &i
1489 1896 1641 2003 corpus
1672 1861 1720 1960 in
1743 1857 1934 1992 trausttu
1946 1885 2036 1997 per

533 2022 612 2128 hoc
622 2018 827 2160 spatium
842 2021 1102 2122 attrahatur
1117 2021 1196 2124 uel
1211 2021 1469 2162 impellatur
1481 2013 1916 2163 perperulicalariter
1933 2052 2038 2115 ver·

520 2183 602 2302 stus
626 2175 821 2280 medium
843 2175 1123 2306 alterutrum,
1159 2217 1302 2317 neque
1325 2160 1421 2278 ulla¹
1450 2176 1547 2278 alia
1566 2175 1616 2277 vi
1640 2174 1832 2310 agitetur
1853 2169 1933 2272 vel
1952 2172 2037 2270 im-

530 2331 778 2474 pediatur3
801 2332 869 2472 fit
891 2363 1042 2437 autem
1062 2335 1287 2464 attras‘lio,
1325 2335 1374 2435 iu
1395 2330 1634 2472 equalibus
1651 2330 1710 2431 ab
1731 2357 1919 2465 utraque
1927 2325 2037 2466 pla·

536 2527 592 2592 nu
610 2487 824 2620 distantiis
841 2495 908 2594 ad
922 2491 1107 2595 eandem
1130 2495 1259 2636 ipfius
1273 2521 1458 2632 partem
1481 2491 1636 2632 captis,
1674 2487 1837 2623 ubique
1859 2483 2037 2585 eadem:

538 2643 632 2746 elica
655 2644 777 2782 quad
785 2643 913 2776 finus
939 2645 1184 2750 incidentia
1210 2649 1257 2750 iri
1275 2647 1476 2788 planum'
1499 2646 1763 2747 alterutrum
1791 2639 1878 2741 erit
1900 2637 1966 2740 ad
1966 2639 2039 2776 st

536 2837 647 2904 num
669 2799 948 2946 emergentia
973 2839 1030 2903 ex
1051 2799 1355 2948 plauu'altero
1384 2792 1438 2902 in'
1454 2797 1633 2906 ratiiire·
1658 2800 1787 2900 data.
1927 2809 1932 2816 “

527 3083 623 3193 Cafi
640 3105 674 3164 r.
708 3079 841 3168 Sunto
867 3076 964 3182 Aa,
999 3079 1081 3182 be
1104 3083 1230 3198 planu
1253 3081 1342 3170 duo
1379 3075 1577 3192 parallela.
1631 3067 1787 3158 incidat
1814 3087 1965 3177 corpus
1997 3065 2042 3154 in

389 3289 391 3294 .
467 3211 636 3323 planum
666 3208 777 3318 prius
802 3209 852 3292 A
860 3237 886 3292 a
904 3201 1134 3296 secundun'r·
1150 3213 1305 3326 lineam
1331 3203 1438 3308 GH,
1473 3227 1521 3314 ac
1546 3217 1641 3288 toto
1667 3195 1737 3286 suo
1760 3217 1836 3308 per
1862 3191 2042 3306 spatium

468 3331 764 3422 intermedium
782 3331 1187 3422 tranfituattrahatur
1277 3389 1332 3452 ,Ε
1556 3415 1561 3426 ,
1654 3417 1658 3428 ,

471 3463 538 3547 vel
564 3459 794 3571 impellatur
828 3459 964 3546 versus
999 3462 1191 3549 medium·
1279 3395 1390 3677 R

472 3583 724 3684 incidentiae‚
762 3610 891 3698 eaque
922 3587 1082 3673 ustione
1114 3589 1188 3675 de·
1231 3631 1267 3689 Α
1396 3629 1423 3686 η

473 3709 620 3795 scribat
651 3709 800 3792 lineam
826 3733 994 3793 curvam
1018 3710 1113 3809 HI,
1142 3714 1189 3798 &
1815 3787 1822 3814 ἶ

475 3829 908 3946 emergatsecundum
933 3832 1080 3916 lineam
1099 3835 1188 3920 IK.
1353 3887 1358 3896 -
1815 3819 1821 3828 ’

467 3955 548 4048 Λᾶ
592 3957 755 4066 planum
797 3957 1062 4065 emergentiae·
1098 3961 1189 4046 au
1247 3939 1255 3957 '

476 4084 655 4193 erigatur
697 4080 1036 4192 perpendiculum
1081 4086 1110 4169 1
1123 4087 1190 4187 M,
1569 4147 1586 4188 ·.

473 4219 698 4303 occurrens
729 4227 817 4294 tum
846 4211 964 4304 lineae
1003 4211 1188 4299 inciden·
1301 4223 1304 4232 “
1420 4221 1426 4236 ’

472 4345 546 4426 tiae
574 4337 669 4422 GH
697 4333 907 4447 produliae
940 4340 982 4424 iu
1003 4337 1069 4435 M,
1101 4361 1190 4427 tum
1263 4369 1290 4427 u

474 4466 598 4577 plano
624 4461 860 4545 incidentiae
885 4463 962 4546 Aa
987 4464 1029 4549 in
1048 4465 1116 4563 R;
1145 4465 1189 4550 &
1770 4509 1822 4576 fg

475 4592 582 4680 linea
600 4589 863 4700 emergentiae
891 4587 938 4702 K
941 4589 969 4672 I
992 4593 1189 4703 produlia
1722 4577 1789 4712 ς’)’ἷΙχ
1817 4577 1824 4704 ξ

478 4735 667 4808 occurrat
692 4713 811 4802 HM
831 4717 874 4800 in
912 4714 963 4798 L.
1031 4719 1191 4806 Centro
1788 4708 1870 4806 “lut

481 4843 522 4926 L
548 4841 761 4928 intervallo
795 4839 881 4928 ,LI
915 4841 1162 4931 describatur
1192 4850 1380 4952 circulus,
1411 4855 1547 4944 secans
1574 4873 1656 4942 tam
1693 4855 1745 4940 H
1758 4851 1818 4936 M
1849 4860 1892 4938 in
1928 4845 1972 4934 P
2001 4847 2044 4932 δι

478 4968 536 5086 52,
562 4994 684 5086 quam
717 4967 815 5053 Ml
838 4971 1078 5083 produllam
1098 4975 1140 5060 in
1165 4971 1219 5058 N
1225 5011 1237 5077 3
1274 4976 1317 5062 δι
1337 4982 1471 5092 primo
1495 4979 1727 5072 fiattraliio
1756 4983 1822 5069 vel
1853 4977 2046 5094 impulsus

1869 5125 2047 5219 ponatur

1299 3717 1305 3728 0
1364 3712 1369 3724 Ι

1255 3747 1261 3756 ι
