4312 5652
399 225 809 320 'PRINClPlA
854 220 1455 324 MATHEMATICA.
1623 261 1715 356 225

116 414 254 476 mum
282 391 373 488 Aa,
402 412 447 475 ut
474 391 577 474 finus
601 390 836 476 incidentia
863 389 909 473 fit
936 387 988 508 ad
1016 390 1174 474 radium
1201 393 1357 490 circuli,
1386 393 1498 500 cujus
1519 396 1574 478 ell
1598 395 1715 494 smus,
1772 397 1895 458 [ΛΜ

118 523 170 604 in
192 513 248 600 'ea
270 517 433 602 ratione
452 543 574 630 quam
602 516 721 600 habet
742 516 853 600 idem
883 515 985 598 sinus
1014 513 1248 598 incidentiae
1270 518 1319 602 ad
1346 516 1473 602 linum
1504 547 1713 629 emergen-

120 641 200 724 tiae
225 669 286 728 ex
307 644 430 755 plano
449 643 550 740 DA,
577 645 617 727 in
648 643 815 753 spatium
837 641 1006 722 mdeE
1020 673 1033 722 .·
1065 640 1107 724 dt
1131 645 1185 726 ob
1206 645 1333 729 linum
1355 650 1616 756 emergentia:
1634 649 1716 755 jam

117 765 294 854 fastum
331 772 527 884 aequalem
559 770 687 862 radio,
732 768 900 875 angulus
934 770 1196 876 emergentiae
1233 773 1309 852 erit
1348 774 1492 870 retius,
1535 774 1715 886 ideoque

116 893 241 979 linea
272 899 544 1006 emergentiae
572 895 781 982 coincidet
810 915 906 976 cum
937 894 1058 1002 plano
1082 895 1185 977 md.
1243 894 1455 982 Perveniat
1486 925 1633 1010 corpus
1663 902 1716 986 ad

27 1079 32 1086 -
116 1019 213 1104 hoc
237 1021 413 1132 planum
433 1025 474 1106 in
489 1022 728 1132 pundoR3
760 1020 803 1104 &
857 1047 903 1098 u«
1440 1087 1442 1092 ·
1623 1065 1651 1122 r

115 1149 342 1261 quoniam
387 1146 492 1231 linea
536 1147 799 1260 emergentiae
905 1100 1034 1293 Χ
1499 1232 1518 1294 Ι
1542 1071 1679 1277 s

116 1271 348 1358 coincidit
375 1298 469 1356 curn
491 1270 641 1356 eodem
664 1273 797 1382 plano,
841 1247 1703 1375 sim-”lb-,r--ffl--v'ssm--a

854 1349 1438 1402 lit-*u--ssx-——n-ffl-
1447 1334 1498 1402 fil-
1507 1389 1554 1396 ..-
1569 1391 1575 1396 .
1593 1349 1702 1413 *b

116 1399 404 1510 perspicuum
425 1394 482 1478 est
507 1393 621 1507 quod
648 1421 798 1505 corpus
853 1402 1407 1525 §···-”··‘·³‘⁵²=:·-—.f'=
1685 1431 1706 1472 e

882 1493 1519 1514 -—-—-—.-.-.-..—..-**......——-—-..
1539 1505 1550 1510 -
1568 1503 1664 1511 ..-.....
1680 1484 1704 1538 A

116 1549 217 1609 non
241 1523 381 1636 potest
398 1522 503 1606 ultra
523 1545 693 1631 pergere
712 1547 798 1604 rer·
853 1545 871 1564 r
887 1560 915 1566 ·-
931 1521 1339 1571 fflw--m-hffl
1374 1565 1584 1574 ----.,-,..

1757 477 1921 538 Putuun

118 1647 192 1733 sUS
219 1651 393 1762 Planum
415 1646 497 1731 Ee.
553 1645 635 1729 Sed
658 1671 733 1728 nec
761 1647 894 1757 potest
924 1651 1048 1735 idem·
1067 1676 1239 1762 pergere
1260 1653 1301 1737 in
1325 1651 1429 1736 linea
1451 1655 1714 1762 emergentissae
1836 1619 1841 1628 ’
1893 1615 1896 1622 ’

121 1774 228 1869 Rd,
263 1791 484 1885 propterea
513 1767 629 1882 quod
659 1789 862 1880 perpetuo
890 1774 1104 1857 attrahitur
1128 1776 1192 1858 vel
1220 1775 1441 1884 impellitur
1468 1777 1602 1860 versus
1629 1804 1715 1860 me·

122 1901 257 1984 dium
288 1897 532 1984 incidentiae.
602 1891 853 1979 Revertetur
879 1898 1017 2011 itaque
1045 1901 1152 1983 inter
1179 1900 1293 2008 plana
1325 1900 1405 1997 Cc,
1435 1902 1537 1997 Dd,
1567 1901 1717 1986 descri-

124 2024 283 2109 bendo
302 2049 441 2108 arcum
461 2019 661 2132 parabolae
679 2021 771 2138 Qu
780 2049 819 2133 q,
847 2019 960 2129 cujus
979 2042 1123 2108 vertex
1143 2022 1374 2132 principalis
1397 2023 1525 2132 (juxta
1545 2025 1717 2110 demon·

123 2147 262 2232 strata
282 2147 466 2255 Galilaei)
493 2141 551 2226 est
577 2143 619 2225 in
640 2143 707 2238 R,
745 2143 894 2228 secabit
924 2146 1087 2256 planum
1109 2145 1170 2228 Cc
1190 2146 1233 2228 in
1263 2147 1413 2230 eodem
1439 2150 1587 2257 angulo
1615 2151 1656 2233 in
1676 2179 1716 2262 q,

124 2305 180 2362 ac
204 2277 322 2388 prius
345 2275 388 2358 in
415 2273 488 2389 Q
526 2269 622 2353 dein
649 2271 862 2378 pergendo
888 2272 930 2356 in
959 2271 1131 2354 arcubus
1160 2269 1400 2379 parabolicis
1427 2291 1500 2386 qp,
1518 2275 1602 2380 ph,
1634 2275 1716 2362 &c

125 2401 316 2486 arcubus
343 2396 545 2509 prioribus
575 2392 682 2510 QP,
712 2393 815 2478 PH
842 2393 1031 2478 similibus
1063 2393 1107 2476 &
1134 2394 1363 2506 aequalibus,
1392 2395 1541 2480 secabit
1563 2400 1717 2512 reliqua

126 2527 258 2636 plana
276 2525 319 2608 in
340 2520 483 2605 iisdem
503 2517 655 2626 angulis
674 2515 776 2624 inp,
794 2515 835 2612 h,
863 2513 943 2599 &c
974 2543 1020 2600 ac
1040 2515 1149 2626 prius
1168 2517 1209 2598 in
1237 2518 1295 2612 P,
1322 2515 1379 2616 H,
1408 2516 1488 2602 &c
1513 2543 1715 2628 emerget·

128 2677 221 2763 que
260 2647 425 2733 tandem
452 2643 596 2729 eadem
633 2641 876 2753 obliquitate
908 2642 950 2725 in
977 2641 1017 2737 h,
1054 2667 1134 2750 qua
1163 2641 1309 2724 incidit
1338 2641 1381 2724 in
1405 2641 1464 2725 H.
1526 2642 1715 2756 Concipe

125 2775 219 2885 jam
249 2775 463 2884 planorum
494 2773 587 2864 Aa,
616 2765 709 2863 Bb,
738 2766 813 2864 Cc,
847 2765 952 2864 Dd,
981 2765 1065 2864 Ee,
1093 2763 1173 2849 &c
1208 2765 1416 2850 intervalla
1441 2767 1483 2850 in
1510 2767 1715 2858 infinitum

131 2897 272 2984 minui
293 2897 337 2981 oc
356 2918 573 2980 numerum
605 2893 757 3001 augeri,
788 2918 840 2976 eo
863 2912 909 2975 ut
941 2891 1048 2976 aetio
1072 2890 1319 2975 attractionis
1347 2891 1411 2974 vel
1441 2891 1630 3004 impulsus
1657 2895 1714 2980 se·

130 3008 325 3094 cundum
352 3007 485 3113 legem
506 3027 792 3114 quamcunque
813 3001 1044 3110 affignatam
1065 3001 1502 3109 continuareddatur3
1531 3002 1573 3084 dt
1590 3029 1715 3112 ango.

130 3133 198 3220 lus
232 3129 497 3242 emergentiae
525 3127 681 3239 semper
710 3129 861 3236 angulo
892 3126 1129 3212 incidentiae
1157 3125 1320 3239 aequalis
1353 3124 1537 3224 existens,
1577 3129 1714 3216 eidem

134 3259 368 3344 etiamnum
393 3254 574 3342 manebit
606 3255 780 3366 aequalis.
836 3249 958 3372 QE.
972 3252 1036 3337 D.

779 3572 782 3580 ,
813 3486 853 3590 S
848 3481 1050 3593 chelium.

196 3673 361 3762 Harum
380 3670 666 3758 attraslionum
682 3665 792 3754 haud
812 3671 989 3756 multum
1006 3665 1213 3758 dissimiles
1231 3670 1322 3759 sunt
1343 3665 1444 3758 lucis
1462 3671 1711 3766 reflexiones

138 3801 185 3886 δι
204 3799 480 3895 ιεῐιιᾶἰοιιεε,
507 3794 620 3879 saslae
637 3791 863 3879 secundum
883 3794 1020 3880 datam
1045 3795 1266 3881 secantium
1295 3798 1509 3896 rationem,
1535 3822 1582 3886 ut
1600 3802 1712 3891 inve·

138 3925 202 4012 nit
224 3925 417 4020 Snellius,
447 3919 491 4003 δι
516 3944 588 4030 per
617 3915 870 4030 consequens
898 3918 1123 4005 secundum
1151 3920 1285 4006 datam
1317 3923 1472 4006 sinuum
1500 3927 1715 4036 rationem,

137 4071 186 4136 ut
207 4048 393 4163 exposuit
413 4043 625 4148 Cartefius.
660 4041 847 4155 Namque
874 4045 1008 4128 lucem
1039 4043 1257 4130 successive
1283 4047 1495 4157 propagari
1524 4047 1714 4161 &spatio

137 4173 247 4287 quas
266 4172 421 4286 squem
454 4170 519 4253 vel
547 4165 642 4250 odo
675 4163 924 4277 minutorum
951 4169 1177 4277 primorum
1199 4195 1219 4250 a
1239 4166 1321 4252 sole
1348 4169 1399 4252 ad
1428 4189 1577 4254 terram
1602 4177 1713 4258 veni·

139 4325 198 4394 re,
224 4297 306 4408 jam
332 4293 488 4383 constat
524 4317 596 4405 per
629 4288 897 4400 phaenomena
928 4290 1140 4374 satellitum
1173 4290 1314 4398 Jovis,
1365 4292 1711 4384 observationibus

140 4423 393 4509 diversorum
436 4419 762 4504 astronomorum
801 4415 1052 4499 confirmata.
1130 4411 1254 4498 Radii
1288 4436 1427 4501 autem
1456 4417 1497 4500 in
1526 4427 1616 4504 aere
1643 4449 1712 4506 ex.

140 4549 300 4633 illentes
333 4549 411 4657 (uti
451 4545 609 4632 dudum
644 4541 893 4639 Grimaldus,
931 4545 1023 4629 luce
1062 4569 1135 4653 per
1163 4539 1349 4627 foramen
1381 4544 1424 4626 in
1456 4545 1713 4632 tenebrosum

140 4671 375 4756 cubiculum
402 4663 578 4767 admissa,
604 4669 775 4764 invenit,
803 4667 845 4749 dr
877 4667 958 4778 ipse
984 4693 1151 4780 quoque
1179 4689 1370 4776 expertus
1397 4665 1502 4774 sum)
1534 4669 1579 4752 in
1606 4688 1713 4751 tran·

138 4797 213 4880 srtu
240 4795 312 4881 suo
343 4824 472 4910 prope
502 4819 726 4907 corporum
756 4794 820 4875 vel
853 4817 1077 4904 opacorum
1117 4791 1182 4875 vel
1213 4791 1517 4903 perspicuorum
1549 4793 1715 4896 angulos

139 4907 294 5020 (quales
318 4907 408 5014 sunt
435 4929 699 4995 nummorum
725 4928 778 4988 ex
810 4928 924 4998 auro,
962 4899 1198 5020 argento&
1227 4929 1306 4988 tere
1335 4903 1525 4986 culorum
1553 4900 1716 4983 termini

872 5015 986 5138 Οἷς
1495 5019 1718 5130 reslanguli
