4450 5674
740 266 1293 370 PRAEFATIO.

233 425 535 518 admittendum
560 421 736 510 'credere
754 426 903 525 velint;
940 429 1150 518 videamus
1176 456 1264 543 quo
1290 431 1457 520 tandem
1502 457 1690 550 oporteat
1730 443 1800 530 illo

233 579 495 750 peisgsleruim
522 663 662 746 dicent
691 659 811 757 hanc,
837 687 960 774 quani
978 665 1234 774 confingunt,
1262 669 1406 776 mundi
1435 696 1508 782 per
1531 677 1668 760 omnia
1687 675 1797 785 pleni

233 791 567 880 constitutionem
596 815 648 874 ex
669 791 879 875 voluntate
900 789 969 873 dei
996 790 1220 901 proseslam
1241 793 1336 893 elle,
1351 820 1521 910 propter
1542 827 1637 887 eum
1659 803 1798 904 finem,
1932 823 1936 831 ·

230 941 279 1008 ut
301 918 605 1031 operationibus
626 935 780 1000 naturae
809 915 1026 1005 subsidium
1044 919 1218 1027 praesens
1244 921 1384 1007 haberi
1415 924 1544 1036 pollet
1574 929 1624 1012 ab
1643 930 1797 1016 aethere

230 1045 485 1131 subtilissimo
500 1037 644 1128 cundia
664 1039 961 1152 permeante&
982 1042 1200 1154 implente;
1227 1048 1341 1158 quod
1361 1068 1498 1137 tamen
1516 1053 1601 1139 dici
1619 1081 1703 1140 non
1723 1083 1796 1168 po·

231 1172 318 1269 test,
345 1167 641 1282 fiquidemjain
663 1164 863 1250 ostensum
885 1167 1015 1252 estex
1039 1189 1293 1257 cometarum
1318 1175 1616 1283 phaenomenis,
1643 1182 1795 1268 nullam

229 1294 309 1382 elle
327 1293 443 1404 hujus
461 1290 620 1374 aetheris
648 1287 893 1374 efficaciam:
920 1291 986 1374 vel
1005 1289 1146 1380 dicent
1166 1322 1220 1382 eit
1245 1299 1452 1396 voluntate
1478 1303 1548 1388 dei
1570 1303 1794 1414 profetiam

231 1419 325 1518 elle,
351 1435 518 1530 propter
533 1415 657 1500 finem
676 1413 853 1525 aliquem
871 1413 1081 1524 ignotum;
1101 1419 1216 1529 quod
1236 1447 1370 1535 neque
1395 1426 1478 1510 dici
1497 1427 1635 1528 debet,
1674 1428 1794 1544 siqui·

229 1547 326 1632 dem
356 1543 512 1634 diversa
539 1542 684 1630 mundi
709 1541 946 1628 constitutio
979 1543 1129 1630 eodem
1162 1572 1404 1658 argumento
1444 1556 1594 1663 pariter
1628 1557 1792 1648 stabiliri

226 1669 373 1782 pollet:
414 1672 479 1756 vel
508 1667 687 1779 denique
722 1693 806 1754 non
839 1666 979 1755 dicerit
1011 1697 1061 1755 eii
1084 1673 1292 1760 voluntate
1323 1679 1392 1762 dei
1424 1681 1648 1789 profetiam
1685 1677 1790 1786 elle,

165 1813 172 1822 ‘
226 1797 296 1881 sed
336 1824 390 1882 ex
418 1789 652 1881 neceffitate
680 1790 856 1907 quadam
897 1813 1063 1878 naturae.
1126 1796 1318 1885 Tandem
1345 1803 1471 1910 igitur
1502 1805 1635 1892 delabi
1667 1835 1792 1919 opor·

227 1941 287 2006 tet
307 1922 349 2006 iii
370 1919 490 2004 saeces
508 1916 689 2004 sordidas
716 1916 849 2026 gregis
867 1918 1135 2030 impurissimi.
1193 1921 1256 2007 Hi
1282 1924 1372 2010 sunt
1394 1931 1465 2038 qui
1485 1928 1683 2018 somniant
1703 1932 1790 2019 fato

226 2046 411 2136 universa
439 2045 540 2152 regi,
560 2071 644 2130 non
664 2044 940 2155 providentiae
973 2048 1183 2132 materiam
1204 2076 1257 2136 ex
1281 2055 1515 2141 necessitate
1542 2058 1609 2142 sua
1633 2059 1792 2174 semper

228 2168 444 2281 &ubique
469 2165 664 2265 extitisse,
700 2167 897 2252 infinitam
924 2167 1002 2254 elle
1022 2170 1066 2254 δε
1093 2191 1298 2260 aeternam.
1354 2178 1516 2291 Quibus
1536 2181 1686 2294 positis,
1712 2189 1792 2274 erit

226 2299 349 2384 etiarn
371 2293 634 2405 undiquaque
653 2292 888 2378 uniformis:
911 2321 1005 2380 nam
1021 2296 1190 2382 varietas
1204 2298 1426 2390 formarum
1443 2334 1538 2392 cuin
1557 2312 1792 2400 necessitate

226 2423 397 2506 omnino
419 2437 585 2529 pugnat.
642 2414 733 2502 Erit
753 2417 874 2502 etiam
894 2419 1084 2504 immota:
1115 2449 1208 2506 nam
1227 2424 1256 2508 si
1275 2427 1495 2516 necessario
1513 2458 1727 2522 moveatur
1749 2441 1792 2526 in

225 2549 383 2658 plagam
407 2545 581 2656 aliquam
606 2540 939 2642 determinatam,
976 2571 1071 2630 cum
1092 2545 1362 2638 determinata
1388 2557 1521 2669 aliqua
1549 2564 1791 2668 velocitate;

224 2673 309 2784 pari
326 2667 559 2755 necessitate
575 2667 808 2754 movebitur
822 2670 865 2754 in
879 2669 1037 2781 plagam
1051 2670 1250 2760 diversam
1264 2703 1359 2762 cum
1379 2682 1534 2767 diversa
1553 2688 1793 2792 velocitate;

225 2797 269 2882 in
286 2799 419 2907 plagas
433 2813 570 2878 autem
592 2792 780 2890 diversas,
806 2820 903 2880 cum
924 2795 1089 2912 diversis
1107 2800 1405 2902 velocitatibus,
1430 2807 1589 2895 moveri
1614 2837 1697 2897 non
1718 2840 1790 2926 po·

226 2923 322 3018 tella
353 2939 521 3033 oportet
540 2919 665 3029 igitur
685 2919 899 3004 immotam
917 2919 1007 3005 else.
1065 2923 1315 3037 Neutiquam
1331 2929 1516 3038 profesto
1537 2940 1671 3047 potuit
1692 2943 1792 3028 oriri

224 3045 415 3141 mundus,
443 3043 716 3155 pulcherrima
731 3041 957 3128 formarum
979 3041 1023 3128 δι
1041 3067 1231 3132 motuum
1249 3052 1444 3140 varietate
1463 3055 1691 3162 dillinsius,
1718 3065 1792 3150 nisi

224 3196 277 3255 ex
301 3171 507 3254 liberrima
524 3169 733 3252 volontate
749 3164 893 3249 cundia
917 3168 1172 3278 providentis
1194 3173 1237 3254 dc
1256 3176 1517 3284 gubernantis
1533 3184 1614 3269 dei.

279 3292 347 3380 Ex
368 3297 449 3378 hoc
462 3293 586 3403 igitur
600 3293 717 3376 fonte
730 3311 1023 3398 promanarunt
1044 3295 1123 3378 illae
1148 3323 1289 3383 omnes
1311 3327 1404 3412 quae
1426 3307 1619 3396 dicuntur
1639 3334 1792 3400 naturae

224 3421 352 3524 leges:
392 3414 610 3524 inquibus
643 3413 768 3496 inulta
793 3412 885 3494 sane
905 3414 1176 3523 sapientissimi
1206 3422 1380 3520 consilii,
1408 3428 1515 3510 nulla
1547 3431 1792 3523 neceslitatis

224 3550 420 3656 apparent
444 3538 621 3645 velligia.
676 3535 766 3652 Has
792 3537 966 3648 proinde
987 3565 1071 3622 non
1092 3542 1141 3624 ab
1167 3544 1331 3630 incertis
1354 3550 1599 3659 conjetluris
1625 3580 1787 3669 petere,

223 3672 292 3757 sed
309 3665 701 3778 observandumque
721 3665 974 3775 experiendo
992 3665 1201 3754 addiscere
1217 3671 1424 3760 debemus.
1476 3679 1561 3794 Qui
1578 3711 1673 3772 vere
1691 3693 1791 3802 phy·

224 3795 314 3878 sicae
339 3791 537 3905 principia
558 3790 747 3901 legesque
762 3814 922 3886 reruni,
960 3790 1043 3873 sola
1065 3793 1210 3878 mentis
1230 3798 1270 3878 vi
1292 3797 1335 3881 dc
1360 3801 1524 3887 interno
1542 3808 1709 3896 rationis
1731 3816 1789 3899 lu·

225 3921 335 4002 mine
360 3919 536 4013 fretum,
574 3917 756 4000 invenire
782 3914 822 3998 se
852 3913 964 4026 polle
989 3917 1184 4018 confidit;
1225 3921 1333 4010 hunc
1352 3949 1519 4038 oportet
1534 3937 1597 4017 vel
1617 3935 1790 4027 statuere

206 4037 427 4153 mundum
445 4067 499 4126 ex
519 4040 752 4126 necestitate
761 4037 891 4138 fuisse,
902 4039 1090 4154 legesque
1100 4047 1324 4157 propositas
1333 4079 1384 4136 ex
1396 4057 1540 4141 eadem
1555 4063 1790 4151 necellitate

225 4171 358 4285 sequi;
392 4172 457 4254 vel
475 4167 587 4280 siper
600 4169 854 4254 voluntatem
875 4167 943 4250 dei
958 4168 1198 4256 conllitutus
1215 4175 1259 4258 fit
1275 4179 1382 4262 ordo
1397 4201 1563 4282 naturai,
1585 4186 1624 4270 se
1639 4207 1789 4296 tamen,

226 4297 548 4383 homuncionem
569 4295 788 4390 misellum,
816 4293 914 4404 quid
931 4293 1136 4404 optimum
1153 4295 1258 4383 laslu
1280 4303 1324 4386 sit
1347 4305 1601 4417 perspeslurn
1628 4313 1792 4412 habere,

224 4420 326 4506 Sana
337 4423 468 4505 omnis
482 4419 527 4505 δι
542 4446 638 4504 vera
651 4417 902 4529 philosophia
915 4414 1108 4522 fundatur
1122 4420 1163 4502 iii
1179 4425 1455 4531 phaenomenis
1475 4458 1633 4519 rerum:
1649 4461 1743 4549 quae
1762 4445 1791 4527 fi

227 4539 1578 4664 nosvelinvitos&reluduntesadhuiusmodiprincipiadeducunt,
1594 4563 1791 4676 inquibus

225 4669 438 4757 clarissime
466 4692 690 4758 cernuntur
714 4667 924 4755 consilium
949 4667 1154 4779 optimum
1181 4673 1225 4756 dt
1255 4679 1482 4786 dominium
1514 4683 1714 4772 summum
1736 4692 1792 4774 sa·

135 4887 139 4894 ,
226 4793 461 4908 pientislimi
478 4799 522 4882 dt
547 4794 812 4908 potentissimi
833 4791 960 4884 emisi
991 4815 1073 4876 non
1096 4815 1215 4878 erunt
1235 4803 1322 4888 haec
1351 4805 1447 4890 ideo
1468 4835 1551 4893 non
1575 4813 1792 4896 admitten-

228 4923 280 5010 da
300 4920 513 5034 principia,
540 4923 654 5036 quod
675 4914 916 5034 quibusdam
938 4914 1071 4999 forsan
1090 4912 1323 5014 bominibus
1348 4931 1477 5016 minus
1497 4953 1609 5044 grata
1636 4925 1710 5020 sint
1732 4937 1794 5019 fu·

958 5063 981 5120 0
1013 5067 1034 5118 2
1691 5080 1790 5147 tura.
