4352 5646
431 219 532 354 376
749 219 1276 324 PHILOSOPHIAE
1323 219 1778 322 NATURALIS

229 395 284 457 ⁰⁸
305 390 426 449 ΜΘΝ
499 389 625 476 Coros.
648 417 685 476 a.
712 386 754 474 Si
779 388 952 475 fluidum
976 387 1132 476 invase
1159 389 1388 502 cylindrico
1413 387 1678 499 longitudinis
1703 384 1872 474 infinitae
1904 412 2013 479 con·

223 476 405 542 Conponunt
462 513 471 534 .

442 531 633 611 trneatur,
659 510 704 602 δι
728 513 958 621 cylindrum
980 515 1103 598 alium
1121 513 1359 600 interiorem
1379 513 1604 610 contineat,
1620 511 1852 598 revolvatur
1869 531 2013 600 auteur

440 639 646 750 cylindrus
676 656 852 750 uterque
887 639 998 722 circa
1033 663 1152 724 axem
1184 663 1465 735 communem,
1508 634 1667 747 sintque
1702 635 2011 724 revolutionum

440 783 628 875 tempora
641 779 686 844 ut
703 759 883 870 ipsorum
895 760 1248 862 semidiametri&
1267 761 1497 872 perseveret
1510 757 1630 845 fluidi
1646 784 1736 870 pars
1748 782 2008 874 unaquaeque

443 883 487 972 in
510 908 629 975 motu
651 885 747 972 suo:
778 905 897 973 erunt
926 887 1101 999 partium
1129 888 1371 998 singularum
1395 905 1582 996 tempora
1609 883 1821 996 periodica
1838 905 1886 970 ut
1910 887 2009 1000 ipsa·

442 1040 535 1101 rum
557 1011 753 1100 dislantiae
771 1013 821 1096 ab
842 1039 917 1098 axe
939 1012 1232 1124 cylindrorum.

500 1141 624 1224 Coros.
645 1169 679 1238 3·
706 1139 749 1224 Si
772 1139 961 1250 cylindro
980 1138 1023 1222 &
1042 1137 1175 1224 fluido
1196 1137 1248 1222 ad
1280 1140 1388 1224 hunc
1412 1135 1583 1224 modum
1603 1135 1726 1220 motis
1746 1133 1923 1222 addatur
1942 1141 2006 1224 vel

443 1263 647 1351 auferatur
673 1264 903 1349 communis
930 1263 1104 1376 quilibet
1130 1281 1268 1347 motus
1293 1261 1521 1370 angularis;
1559 1258 1755 1371 quoniam
1781 1261 1863 1344 hoc
1898 1287 2008 1350 noto

442 1411 564 1475 motu
581 1415 665 1473 non
685 1407 864 1473 mutatur
890 1387 1048 1474 attritus
1074 1406 1239 1472 mutuus
1260 1385 1435 1495 partium
1458 1381 1591 1482 fluidi,
1627 1410 1713 1469 non
1743 1385 2006 1474 mutabuntur

441 1536 581 1601 motus
605 1513 782 1623 partium
803 1513 908 1597 inter
926 1509 978 1597 se.
1034 1510 1140 1594 Nam
1159 1507 1435 1596 transsationes
1454 1509 1629 1619 partium
1649 1507 1699 1594 ab
1719 1509 1898 1596 invicem
1917 1539 2006 1625 pen.

444 1642 544 1728 dont
566 1638 615 1723 ab
640 1637 797 1722 attritu.
854 1636 950 1720 Pars
980 1636 1172 1748 quaelibet
1197 1635 1240 1720 in
1259 1661 1312 1720 eo
1336 1630 1609 1746 perseverabit
1632 1653 1765 1728 motu,
1793 1638 1881 1747 qui,
1903 1639 2005 1724 attri-

446 1766 705 1875 tuutrinqne
724 1761 768 1846 in
793 1761 1014 1848 contrarias
1034 1777 1169 1872 partes
1196 1753 1318 1856 satio,
1344 1783 1430 1843 non
1454 1757 1581 1868 magis
1611 1762 1860 1848 acceleratur
1888 1787 2006 1876 quam

445 1889 686 1976 retardatur.

494 2013 627 2098 Coros.
647 2039 683 2116 4.
726 2008 848 2096 Unde
870 2007 905 2092 -si
932 2005 1010 2094 toti
1042 2006 1322 2118 cylindrorum
1349 2005 1538 2092 &fluidi
1570 2005 1771 2117 systemati
1807 2012 2002 2102 auferatur

445 2157 582 2226 motus
604 2133 735 2218 omnis
754 2134 952 2243 angularis
979 2130 1154 2246 cylindri
1179 2132 1407 2230 exterioris,
1432 2131 1647 2218 habebitur
1677 2153 1815 2222 motus
1834 2136 2004 2230 fluidiiu

447 2262 636 2376 cylindro
657 2255 905 2373 quiescente.

505 2386 632 2472 Coros.
661 2413 695 2486 5.
730 2382 856 2492 igitur
878 2383 906 2467 sr
926 2381 1058 2468 fluido
1083 2381 1127 2468 δι
1154 2379 1343 2492 cylindro
1367 2381 1575 2469 exteriore
1602 2382 1919 2496 quiescentibus,
1946 2415 2005 2478 re·

447 2513 635 2604 volvatur
654 2505 860 2623 cylindrus
879 2507 1051 2592 interior
1072 2505 1332 2592 uniformiter
1350 2545 1362 2606 ς
1392 2508 1759 2597 communicabitur
1775 2533 1910 2599 motus
1929 2518 2005 2603 cit·

448 2640 592 2724 colaris
624 2621 771 2735 fluido,
805 2634 849 2722 δι
882 2630 1077 2742 paulatim
1102 2655 1176 2741 per
1205 2649 1342 2716 totum
1369 2629 1545 2716 fluidum
1576 2636 1882 2748 propagabitur;
1922 2665 2003 2724 nec

448 2769 563 2878 prius
592 2761 745 2846 desinet
772 2760 911 2866 angeri
940 2781 1064 2870 quam
1092 2754 1211 2842 lluidi
1238 2776 1371 2867 partes
1410 2759 1572 2870 fingulae
1605 2781 1766 2847 motum
1795 2764 2005 2850 corollario

446 2903 597 3001 quarto
626 2881 839 2966 definitum
867 2880 1089 2993 acquirant.

505 3007 629 3095 Coros.
650 3012 686 3088 6.
713 3000 770 3088 Et
790 3005 982 3115 quoniam
1010 3001 1186 3092 fluidum
1209 3023 1379 3096 conatur
1401 3026 1562 3095 motum
1595 3010 1711 3095 suum
1733 3011 1867 3098 adhuc
1895 3012 2000 3098 latius

449 3157 687 3250 propagare,
716 3123 830 3234 hujus
854 3129 1011 3241 impetu
1031 3129 1331 3240 circumagetur
1355 3136 1477 3216 etiam
1500 3135 1708 3245 cylindrus
1734 3140 1911 3224 exterior
1932 3137 2001 3222 nili

443 3247 652 3342 uiolenter
676 3252 894 3347 detentum
926 3252 968 3335 δι
996 3254 1286 3352 accelerabitnr
1313 3255 1397 3364 ejus
1421 3279 1557 3346 motus
1585 3261 1721 3374 quoad
1753 3261 1881 3379 usque
1906 3283 2003 3348 tem-

445 3407 550 3502 pora
571 3375 779 3493 periodica
794 3375 968 3487 cylindri
987 3379 1196 3494 utriusque
1218 3400 1431 3493 aequentur
1458 3383 1563 3469 inter
1587 3385 1638 3470 se.
1694 3387 1825 3499 Quod
1845 3390 1872 3473 li
1890 3391 2005 3502 cylin-

447 3503 550 3596 drus
577 3497 757 3586 exterior
777 3500 977 3585 violenter
997 3500 1244 3600 detineatur,
1270 3504 1485 3590 conabitur
1503 3504 1535 3589 is
1556 3530 1717 3596 motum
1745 3509 1865 3596 fluidi
1891 3533 2005 3596 retar-

454 3627 581 3718 darer
612 3623 653 3705 u
678 3621 748 3706 nili
780 3625 985 3733 cylindrus
1012 3626 1182 3713 interior
1212 3628 1252 3708 vi
1279 3627 1410 3741 aliqua
1437 3631 1684 3720 extrinsecus
1711 3632 1892 3750 impressa
1918 3658 2006 3720 mo·

454 3763 542 3830 tum
571 3743 683 3826 illum
704 3744 931 3842 conservet,
960 3745 1114 3832 elliciet
1135 3771 1180 3834 ut
1197 3747 1309 3833 idem
1335 3751 1525 3862 paulatim
1550 3752 1685 3840 cesset.

495 3865 614 3986 Quo
640 3868 774 3954 omnia
797 3871 843 3962 in
866 3896 969 3991 aqua
986 3873 1192 3988 profunda
1217 3871 1420 3990 stagnante
1444 3881 1619 3995 experiri
1638 3882 1746 3976 licet.
