<?xml version="1.0" encoding="UTF-8"?>
<!DOCTYPE html PUBLIC "-//W3C//DTD XHTML 1.0 Transitional//EN"
    "http://www.w3.org/TR/xhtml1/DTD/xhtml1-transitional.dtd">
<html xmlns="http://www.w3.org/1999/xhtml" xml:lang="en" lang="en">
 <head>
  <title>
</title>
<meta http-equiv="Content-Type" content="text/html;charset=utf-8" />
  <meta name='ocr-system' content='tesseract 3.04.00' />
  <meta name='ocr-capabilities' content='ocr_page ocr_carea ocr_par ocr_line ocrx_word'/>
</head>
<body>
  <div class='ocr_page' id='page_1' title='image "./philosophinatur00cotegoog_0439.png"; bbox 0 0 4352 5646; ppageno 0'>
   <div class='ocr_carea' id='block_1_1' title="bbox 420 227 1767 362">
    <p class='ocr_par' dir='ltr' id='par_1_1' title="bbox 420 227 1767 362">
     <span class='ocr_line' id='line_1_1' title="bbox 420 227 1767 362; baseline -0.011 -20"><span class='ocrx_word' id='word_1_1' title='bbox 420 227 521 362; x_wconf 83' lang='lat'><strong>376</strong></span> <span class='ocrx_word' id='word_1_2' title='bbox 738 227 1265 332; x_wconf 82' lang='lat' dir='ltr'><strong>PHILOSOPHIAE</strong></span> <span class='ocrx_word' id='word_1_3' title='bbox 1312 227 1767 331; x_wconf 80' lang='lat' dir='ltr'>NATURALIS</span> 
     </span>
    </p>
   </div>
   <div class='ocr_carea' id='block_1_2' title="bbox 212 393 2005 3870">
    <p class='ocr_par' dir='ltr' id='par_1_2' title="bbox 212 393 2000 1132">
     <span class='ocr_line' id='line_1_2' title="bbox 218 393 1998 510; baseline 0.003 -28"><span class='ocrx_word' id='word_1_4' title='bbox 218 402 273 464; x_wconf 72' lang='lat'><strong>1³⁸</strong></span> <span class='ocrx_word' id='word_1_5' title='bbox 294 397 415 456; x_wconf 60' lang='grc' dir='ltr'><strong>ΜΘΝ</strong></span> <span class='ocrx_word' id='word_1_6' title='bbox 488 397 613 484; x_wconf 80' lang='lat' dir='ltr'><strong>eorol.</strong></span> <span class='ocrx_word' id='word_1_7' title='bbox 637 425 674 484; x_wconf 81' lang='lat' dir='ltr'><strong>a.</strong></span> <span class='ocrx_word' id='word_1_8' title='bbox 701 394 743 480; x_wconf 91' lang='lat' dir='ltr'><strong>Si</strong></span> <span class='ocrx_word' id='word_1_9' title='bbox 768 395 941 483; x_wconf 84' lang='lat' dir='ltr'><strong>liuidum</strong></span> <span class='ocrx_word' id='word_1_10' title='bbox 965 398 1121 484; x_wconf 90' lang='lat' dir='ltr'><strong>invase</strong></span> <span class='ocrx_word' id='word_1_11' title='bbox 1148 397 1377 510; x_wconf 90' lang='lat' dir='ltr'><strong>cylindrico</strong></span> <span class='ocrx_word' id='word_1_12' title='bbox 1402 395 1667 507; x_wconf 81' lang='lat' dir='ltr'><strong>longitudinis</strong></span> <span class='ocrx_word' id='word_1_13' title='bbox 1693 393 1861 482; x_wconf 84' lang='lat' dir='ltr'><strong>infioitae</strong></span> <span class='ocrx_word' id='word_1_14' title='bbox 1895 421 1998 488; x_wconf 88' lang='lat' dir='ltr'><strong>con·</strong></span> 
     </span>
     <span class='ocr_line' id='line_1_3' title="bbox 212 483 2000 629; baseline 0.002 -25"><span class='ocrx_word' id='word_1_15' title='bbox 212 483 394 550; x_wconf 67' lang='lat'><strong>⁶⁰⁸⁹⁰⁸⁰¹⁴</strong></span> <span class='ocrx_word' id='word_1_16' title='bbox 431 521 622 618; x_wconf 80' lang='lat' dir='ltr'><strong>sineatur,</strong></span> <span class='ocrx_word' id='word_1_17' title='bbox 648 518 692 610; x_wconf 73' lang='grc' dir='ltr'><strong>δι</strong></span> <span class='ocrx_word' id='word_1_18' title='bbox 715 521 947 629; x_wconf 87' lang='lat' dir='ltr'><strong>cylindrum</strong></span> <span class='ocrx_word' id='word_1_19' title='bbox 969 523 1091 607; x_wconf 90' lang='lat' dir='ltr'><strong>alium</strong></span> <span class='ocrx_word' id='word_1_20' title='bbox 1110 521 1347 608; x_wconf 90' lang='lat' dir='ltr'><strong>interiorem</strong></span> <span class='ocrx_word' id='word_1_21' title='bbox 1368 521 1592 619; x_wconf 90' lang='lat' dir='ltr'><strong>contineat,</strong></span> <span class='ocrx_word' id='word_1_22' title='bbox 1609 520 1841 606; x_wconf 82' lang='lat' dir='ltr'>revolvatur</span> <span class='ocrx_word' id='word_1_23' title='bbox 1858 540 2000 608; x_wconf 87' lang='lat' dir='ltr'><strong>autem</strong></span> 
     </span>
     <span class='ocr_line' id='line_1_4' title="bbox 429 643 1998 758; baseline 0.001 -27"><span class='ocrx_word' id='word_1_24' title='bbox 429 646 635 758; x_wconf 86' lang='lat' dir='ltr'><strong>cylindrus</strong></span> <span class='ocrx_word' id='word_1_25' title='bbox 665 664 840 758; x_wconf 91' lang='lat' dir='ltr'><strong>uterque</strong></span> <span class='ocrx_word' id='word_1_26' title='bbox 876 647 987 732; x_wconf 90' lang='lat' dir='ltr'><strong>circa</strong></span> <span class='ocrx_word' id='word_1_27' title='bbox 1022 671 1141 730; x_wconf 87' lang='lat' dir='ltr'><strong>axem</strong></span> <span class='ocrx_word' id='word_1_28' title='bbox 1173 671 1454 743; x_wconf 89' lang='lat' dir='ltr'><strong>communem,</strong></span> <span class='ocrx_word' id='word_1_29' title='bbox 1497 643 1655 756; x_wconf 85' lang='lat' dir='ltr'><strong>fintque</strong></span> <span class='ocrx_word' id='word_1_30' title='bbox 1691 643 1998 732; x_wconf 86' lang='lat' dir='ltr'><strong>revolutionum</strong></span> 
     </span>
     <span class='ocr_line' id='line_1_5' title="bbox 429 766 1996 882; baseline 0 -25"><span class='ocrx_word' id='word_1_31' title='bbox 429 793 616 882; x_wconf 88' lang='lat' dir='ltr'><strong>tempora</strong></span> <span class='ocrx_word' id='word_1_32' title='bbox 630 787 675 852; x_wconf 93' lang='lat' dir='ltr'><strong>ut</strong></span> <span class='ocrx_word' id='word_1_33' title='bbox 692 767 872 878; x_wconf 91' lang='lat' dir='ltr'><strong>ipsorum</strong></span> <span class='ocrx_word' id='word_1_34' title='bbox 884 768 1237 870; x_wconf 66' lang='lat' dir='ltr'><strong>semidiametri&amp;</strong></span> <span class='ocrx_word' id='word_1_35' title='bbox 1255 769 1485 880; x_wconf 90' lang='lat' dir='ltr'><strong>perseveret</strong></span> <span class='ocrx_word' id='word_1_36' title='bbox 1499 766 1618 854; x_wconf 91' lang='lat' dir='ltr'><strong>fluidi</strong></span> <span class='ocrx_word' id='word_1_37' title='bbox 1636 792 1725 878; x_wconf 91' lang='lat' dir='ltr'><strong>pars</strong></span> <span class='ocrx_word' id='word_1_38' title='bbox 1738 791 1996 882; x_wconf 81' lang='lat' dir='ltr'><strong>unaquaeqne</strong></span> 
     </span>
     <span class='ocr_line' id='line_1_6' title="bbox 432 891 1999 1008; baseline 0.003 -32"><span class='ocrx_word' id='word_1_39' title='bbox 432 892 475 979; x_wconf 91' lang='lat' dir='ltr'><strong>in</strong></span> <span class='ocrx_word' id='word_1_40' title='bbox 498 916 616 982; x_wconf 90' lang='lat' dir='ltr'><strong>motu</strong></span> <span class='ocrx_word' id='word_1_41' title='bbox 639 893 736 978; x_wconf 80' lang='lat' dir='ltr'><strong>suo:</strong></span> <span class='ocrx_word' id='word_1_42' title='bbox 766 913 886 980; x_wconf 88' lang='lat' dir='ltr'><strong>erunt</strong></span> <span class='ocrx_word' id='word_1_43' title='bbox 914 895 1090 1006; x_wconf 87' lang='lat' dir='ltr'><strong>partium</strong></span> <span class='ocrx_word' id='word_1_44' title='bbox 1118 895 1360 1006; x_wconf 79' lang='lat' dir='ltr'><strong>singularum</strong></span> <span class='ocrx_word' id='word_1_45' title='bbox 1384 913 1571 1004; x_wconf 86' lang='lat' dir='ltr'><strong>tempora</strong></span> <span class='ocrx_word' id='word_1_46' title='bbox 1598 891 1810 1005; x_wconf 81' lang='lat' dir='ltr'><strong>periodica</strong></span> <span class='ocrx_word' id='word_1_47' title='bbox 1827 913 1875 978; x_wconf 90' lang='lat' dir='ltr'><strong>ut</strong></span> <span class='ocrx_word' id='word_1_48' title='bbox 1899 895 1966 1008; x_wconf 91' lang='lat' dir='ltr'><strong>ips</strong></span> <span class='ocrx_word' id='word_1_49' title='bbox 1981 949 1999 968; x_wconf 87' lang='lat'><em>-</em></span> 
     </span>
     <span class='ocr_line' id='line_1_7' title="bbox 431 1019 1220 1132; baseline -0.008 -24"><span class='ocrx_word' id='word_1_50' title='bbox 431 1047 524 1108; x_wconf 89' lang='lat' dir='ltr'><strong>rum</strong></span> <span class='ocrx_word' id='word_1_51' title='bbox 545 1019 741 1108; x_wconf 84' lang='lat' dir='ltr'><strong>distantiae</strong></span> <span class='ocrx_word' id='word_1_52' title='bbox 760 1021 810 1104; x_wconf 90' lang='lat' dir='ltr'><strong>ab</strong></span> <span class='ocrx_word' id='word_1_53' title='bbox 831 1046 906 1106; x_wconf 89' lang='lat' dir='ltr'><strong>axe</strong></span> <span class='ocrx_word' id='word_1_54' title='bbox 927 1020 1220 1132; x_wconf 87' lang='lat' dir='ltr'><strong>cylindrorum.</strong></span> 
     </span>
    </p>

    <p class='ocr_par' dir='ltr' id='par_1_3' title="bbox 430 1141 2002 1984">
     <span class='ocr_line' id='line_1_8' title="bbox 488 1141 1998 1258; baseline 0.002 -28"><span class='ocrx_word' id='word_1_55' title='bbox 488 1148 612 1232; x_wconf 77' lang='lat' dir='ltr'><strong>Coros.</strong></span> <span class='ocrx_word' id='word_1_56' title='bbox 633 1177 667 1246; x_wconf 85' lang='lat'><strong>3·</strong></span> <span class='ocrx_word' id='word_1_57' title='bbox 695 1147 737 1232; x_wconf 88' lang='lat' dir='ltr'><strong>Si</strong></span> <span class='ocrx_word' id='word_1_58' title='bbox 761 1148 950 1258; x_wconf 89' lang='lat' dir='ltr'><strong>cylindro</strong></span> <span class='ocrx_word' id='word_1_59' title='bbox 970 1146 1012 1230; x_wconf 89' lang='lat'>&amp;</span> <span class='ocrx_word' id='word_1_60' title='bbox 1031 1145 1163 1233; x_wconf 89' lang='lat' dir='ltr'><strong>sluido</strong></span> <span class='ocrx_word' id='word_1_61' title='bbox 1185 1145 1237 1230; x_wconf 91' lang='lat' dir='ltr'><strong>ad</strong></span> <span class='ocrx_word' id='word_1_62' title='bbox 1269 1149 1377 1232; x_wconf 90' lang='lat' dir='ltr'><strong>hunc</strong></span> <span class='ocrx_word' id='word_1_63' title='bbox 1401 1143 1571 1232; x_wconf 84' lang='lat' dir='ltr'><strong>modum</strong></span> <span class='ocrx_word' id='word_1_64' title='bbox 1592 1144 1715 1228; x_wconf 90' lang='lat' dir='ltr'><strong>motis</strong></span> <span class='ocrx_word' id='word_1_65' title='bbox 1734 1141 1911 1230; x_wconf 84' lang='lat' dir='ltr'><strong>addatur</strong></span> <span class='ocrx_word' id='word_1_66' title='bbox 1929 1149 1998 1234; x_wconf 86' lang='lat' dir='ltr'><strong>vel</strong></span> 
     </span>
     <span class='ocr_line' id='line_1_9' title="bbox 432 1266 2002 1384; baseline 0.002 -28"><span class='ocrx_word' id='word_1_67' title='bbox 432 1271 635 1358; x_wconf 82' lang='lat' dir='ltr'><strong>auferatur</strong></span> <span class='ocrx_word' id='word_1_68' title='bbox 662 1272 892 1357; x_wconf 89' lang='lat' dir='ltr'><strong>communis</strong></span> <span class='ocrx_word' id='word_1_69' title='bbox 919 1273 1093 1384; x_wconf 86' lang='lat' dir='ltr'><strong>quilibet</strong></span> <span class='ocrx_word' id='word_1_70' title='bbox 1119 1289 1255 1356; x_wconf 89' lang='lat' dir='ltr'><strong>motus</strong></span> <span class='ocrx_word' id='word_1_71' title='bbox 1282 1269 1509 1378; x_wconf 73' lang='lat' dir='ltr'><strong>angularisr</strong></span> <span class='ocrx_word' id='word_1_72' title='bbox 1548 1266 1744 1379; x_wconf 88' lang='lat' dir='ltr'><strong>quoniam</strong></span> <span class='ocrx_word' id='word_1_73' title='bbox 1770 1269 1852 1352; x_wconf 89' lang='lat' dir='ltr'><strong>hoc</strong></span> <span class='ocrx_word' id='word_1_74' title='bbox 1886 1296 2002 1360; x_wconf 82' lang='lat' dir='ltr'><strong>nouo</strong></span> 
     </span>
     <span class='ocr_line' id='line_1_10' title="bbox 431 1391 2000 1503; baseline 0 -21"><span class='ocrx_word' id='word_1_75' title='bbox 431 1416 552 1482; x_wconf 90' lang='lat' dir='ltr'><strong>motu</strong></span> <span class='ocrx_word' id='word_1_76' title='bbox 570 1420 654 1481; x_wconf 92' lang='lat' dir='ltr'><strong>non</strong></span> <span class='ocrx_word' id='word_1_77' title='bbox 673 1415 853 1481; x_wconf 88' lang='lat' dir='ltr'><strong>mutatur</strong></span> <span class='ocrx_word' id='word_1_78' title='bbox 879 1395 1037 1482; x_wconf 88' lang='lat' dir='ltr'><strong>attritus</strong></span> <span class='ocrx_word' id='word_1_79' title='bbox 1063 1413 1228 1478; x_wconf 88' lang='lat' dir='ltr'><strong>mutuus</strong></span> <span class='ocrx_word' id='word_1_80' title='bbox 1249 1393 1424 1503; x_wconf 88' lang='lat' dir='ltr'><strong>partium</strong></span> <span class='ocrx_word' id='word_1_81' title='bbox 1447 1391 1580 1490; x_wconf 85' lang='lat' dir='ltr'><strong>fluidi,</strong></span> <span class='ocrx_word' id='word_1_82' title='bbox 1616 1419 1701 1478; x_wconf 91' lang='lat' dir='ltr'><strong>non</strong></span> <span class='ocrx_word' id='word_1_83' title='bbox 1733 1393 2000 1484; x_wconf 88' lang='lat' dir='ltr'><strong>mutabuntur</strong></span> 
     </span>
     <span class='ocr_line' id='line_1_11' title="bbox 430 1515 2002 1634; baseline -0.009 -26"><span class='ocrx_word' id='word_1_84' title='bbox 430 1543 569 1608; x_wconf 88' lang='lat' dir='ltr'><strong>motus</strong></span> <span class='ocrx_word' id='word_1_85' title='bbox 594 1521 771 1632; x_wconf 88' lang='lat' dir='ltr'><strong>partium</strong></span> <span class='ocrx_word' id='word_1_86' title='bbox 791 1521 897 1604; x_wconf 89' lang='lat' dir='ltr'><strong>inter</strong></span> <span class='ocrx_word' id='word_1_87' title='bbox 915 1518 967 1604; x_wconf 93' lang='lat' dir='ltr'><strong>se.</strong></span> <span class='ocrx_word' id='word_1_88' title='bbox 1023 1518 1129 1602; x_wconf 88' lang='lat' dir='ltr'><strong>Nam</strong></span> <span class='ocrx_word' id='word_1_89' title='bbox 1148 1515 1424 1604; x_wconf 87' lang='lat' dir='ltr'><strong>transsationes</strong></span> <span class='ocrx_word' id='word_1_90' title='bbox 1443 1517 1618 1627; x_wconf 89' lang='lat' dir='ltr'><strong>partium</strong></span> <span class='ocrx_word' id='word_1_91' title='bbox 1637 1516 1687 1602; x_wconf 94' lang='lat' dir='ltr'><strong>ab</strong></span> <span class='ocrx_word' id='word_1_92' title='bbox 1707 1517 1885 1606; x_wconf 91' lang='lat' dir='ltr'><strong>invicem</strong></span> <span class='ocrx_word' id='word_1_93' title='bbox 1904 1547 2002 1634; x_wconf 82' lang='lat' dir='ltr'><strong>pen.</strong></span> 
     </span>
     <span class='ocr_line' id='line_1_12' title="bbox 433 1638 2001 1756; baseline -0.003 -20"><span class='ocrx_word' id='word_1_94' title='bbox 433 1650 532 1736; x_wconf 83' lang='lat' dir='ltr'><strong>dont</strong></span> <span class='ocrx_word' id='word_1_95' title='bbox 555 1645 604 1730; x_wconf 89' lang='lat' dir='ltr'><strong>ab</strong></span> <span class='ocrx_word' id='word_1_96' title='bbox 629 1645 786 1730; x_wconf 84' lang='lat' dir='ltr'><strong>attritu.</strong></span> <span class='ocrx_word' id='word_1_97' title='bbox 842 1644 938 1728; x_wconf 88' lang='lat' dir='ltr'><strong>Pars</strong></span> <span class='ocrx_word' id='word_1_98' title='bbox 967 1644 1161 1756; x_wconf 86' lang='lat' dir='ltr'><strong>quaelibet</strong></span> <span class='ocrx_word' id='word_1_99' title='bbox 1186 1643 1229 1728; x_wconf 92' lang='lat' dir='ltr'><strong>in</strong></span> <span class='ocrx_word' id='word_1_100' title='bbox 1248 1667 1300 1728; x_wconf 88' lang='lat' dir='ltr'><strong>eo</strong></span> <span class='ocrx_word' id='word_1_101' title='bbox 1325 1638 1597 1755; x_wconf 84' lang='lat' dir='ltr'><strong>perseverabit</strong></span> <span class='ocrx_word' id='word_1_102' title='bbox 1620 1661 1753 1736; x_wconf 90' lang='lat' dir='ltr'><strong>motu,</strong></span> <span class='ocrx_word' id='word_1_103' title='bbox 1781 1647 1868 1755; x_wconf 89' lang='lat' dir='ltr'><strong>qni,</strong></span> <span class='ocrx_word' id='word_1_104' title='bbox 1889 1649 2001 1732; x_wconf 86' lang='lat' dir='ltr'><strong>attri-</strong></span> 
     </span>
     <span class='ocr_line' id='line_1_13' title="bbox 435 1761 2002 1884; baseline 0 -26"><span class='ocrx_word' id='word_1_105' title='bbox 435 1773 694 1884; x_wconf 83' lang='lat' dir='ltr'><strong>tuutrinque</strong></span> <span class='ocrx_word' id='word_1_106' title='bbox 713 1769 757 1854; x_wconf 90' lang='lat' dir='ltr'><strong>in</strong></span> <span class='ocrx_word' id='word_1_107' title='bbox 782 1768 1003 1856; x_wconf 86' lang='lat' dir='ltr'><strong>contrarias</strong></span> <span class='ocrx_word' id='word_1_108' title='bbox 1023 1785 1158 1880; x_wconf 85' lang='lat' dir='ltr'><strong>partes</strong></span> <span class='ocrx_word' id='word_1_109' title='bbox 1185 1761 1307 1864; x_wconf 74' lang='lat' dir='ltr'><strong>satio,</strong></span> <span class='ocrx_word' id='word_1_110' title='bbox 1333 1791 1418 1853; x_wconf 93' lang='lat' dir='ltr'><strong>non</strong></span> <span class='ocrx_word' id='word_1_111' title='bbox 1443 1765 1569 1876; x_wconf 90' lang='lat' dir='ltr'><strong>magis</strong></span> <span class='ocrx_word' id='word_1_112' title='bbox 1599 1770 1850 1856; x_wconf 86' lang='lat' dir='ltr'><strong>acceleratur</strong></span> <span class='ocrx_word' id='word_1_113' title='bbox 1875 1795 2002 1884; x_wconf 87' lang='lat' dir='ltr'><strong>quam</strong></span> 
     </span>
     <span class='ocr_line' id='line_1_14' title="bbox 434 1897 675 1984; baseline -0.033 0"><span class='ocrx_word' id='word_1_114' title='bbox 434 1897 675 1984; x_wconf 89' lang='lat' dir='ltr'><strong>retardatur.</strong></span> 
     </span>
    </p>

    <p class='ocr_par' dir='ltr' id='par_1_4' title="bbox 434 2013 2002 2384">
     <span class='ocr_line' id='line_1_15' title="bbox 483 2013 2000 2126; baseline 0.003 -20"><span class='ocrx_word' id='word_1_115' title='bbox 483 2021 616 2106; x_wconf 78' lang='lat' dir='ltr'><strong>Coros.</strong></span> <span class='ocrx_word' id='word_1_116' title='bbox 636 2047 672 2124; x_wconf 91' lang='lat'><strong>4.</strong></span> <span class='ocrx_word' id='word_1_117' title='bbox 715 2015 837 2103; x_wconf 89' lang='lat' dir='ltr'><strong>Unde</strong></span> <span class='ocrx_word' id='word_1_118' title='bbox 858 2015 894 2100; x_wconf 87' lang='lat' dir='ltr'><strong>si</strong></span> <span class='ocrx_word' id='word_1_119' title='bbox 921 2013 999 2104; x_wconf 88' lang='lat' dir='ltr'><strong>toti</strong></span> <span class='ocrx_word' id='word_1_120' title='bbox 1031 2013 1310 2126; x_wconf 85' lang='lat' dir='ltr'><strong>cylindrorum</strong></span> <span class='ocrx_word' id='word_1_121' title='bbox 1338 2015 1382 2098; x_wconf 80' lang='grc' dir='ltr'><strong>δι</strong></span> <span class='ocrx_word' id='word_1_122' title='bbox 1407 2013 1526 2100; x_wconf 84' lang='lat' dir='ltr'><strong>fluidi</strong></span> <span class='ocrx_word' id='word_1_123' title='bbox 1558 2013 1759 2125; x_wconf 82' lang='lat' dir='ltr'><strong>systemati</strong></span> <span class='ocrx_word' id='word_1_124' title='bbox 1795 2019 2000 2110; x_wconf 86' lang='lat' dir='ltr'><strong>auferatur</strong></span> 
     </span>
     <span class='ocr_line' id='line_1_16' title="bbox 434 2138 2002 2254; baseline 0.003 -24"><span class='ocrx_word' id='word_1_125' title='bbox 434 2165 571 2236; x_wconf 86' lang='lat' dir='ltr'><strong>motus</strong></span> <span class='ocrx_word' id='word_1_126' title='bbox 592 2140 724 2226; x_wconf 87' lang='lat' dir='ltr'><strong>omnis</strong></span> <span class='ocrx_word' id='word_1_127' title='bbox 743 2142 940 2251; x_wconf 86' lang='lat' dir='ltr'><strong>angularis</strong></span> <span class='ocrx_word' id='word_1_128' title='bbox 968 2138 1143 2254; x_wconf 85' lang='lat' dir='ltr'><strong>cylindri</strong></span> <span class='ocrx_word' id='word_1_129' title='bbox 1168 2141 1395 2238; x_wconf 82' lang='lat' dir='ltr'><strong>exterioris,</strong></span> <span class='ocrx_word' id='word_1_130' title='bbox 1420 2139 1635 2227; x_wconf 90' lang='lat' dir='ltr'><strong>habebitur</strong></span> <span class='ocrx_word' id='word_1_131' title='bbox 1665 2161 1803 2230; x_wconf 89' lang='lat' dir='ltr'><strong>motus</strong></span> <span class='ocrx_word' id='word_1_132' title='bbox 1822 2144 2002 2240; x_wconf 89' lang='lat' dir='ltr'><strong>fluidiin</strong></span> 
     </span>
     <span class='ocr_line' id='line_1_17' title="bbox 435 2264 895 2384; baseline -0.013 -28"><span class='ocrx_word' id='word_1_133' title='bbox 435 2269 625 2384; x_wconf 88' lang='lat' dir='ltr'><strong>cylindro</strong></span> <span class='ocrx_word' id='word_1_134' title='bbox 646 2264 895 2380; x_wconf 88' lang='lat' dir='ltr'><strong>quiescente.</strong></span> 
     </span>
    </p>

    <p class='ocr_par' dir='ltr' id='par_1_5' title="bbox 434 2388 2005 3010">
     <span class='ocr_line' id='line_1_18' title="bbox 493 2388 2004 2504; baseline 0.005 -24"><span class='ocrx_word' id='word_1_135' title='bbox 493 2395 620 2480; x_wconf 80' lang='lat' dir='ltr'><strong>Coros.</strong></span> <span class='ocrx_word' id='word_1_136' title='bbox 649 2421 683 2494; x_wconf 93' lang='lat'><strong>5.</strong></span> <span class='ocrx_word' id='word_1_137' title='bbox 718 2390 845 2500; x_wconf 84' lang='lat' dir='ltr'><strong>Igitur</strong></span> <span class='ocrx_word' id='word_1_138' title='bbox 867 2391 895 2475; x_wconf 89' lang='lat' dir='ltr'><strong>sr</strong></span> <span class='ocrx_word' id='word_1_139' title='bbox 915 2389 1047 2475; x_wconf 89' lang='lat' dir='ltr'><strong>fluido</strong></span> <span class='ocrx_word' id='word_1_140' title='bbox 1072 2389 1116 2476; x_wconf 90' lang='lat'>&amp;</span> <span class='ocrx_word' id='word_1_141' title='bbox 1142 2388 1331 2500; x_wconf 91' lang='lat' dir='ltr'><strong>cylindro</strong></span> <span class='ocrx_word' id='word_1_142' title='bbox 1356 2389 1563 2478; x_wconf 85' lang='lat' dir='ltr'><strong>exteriore</strong></span> <span class='ocrx_word' id='word_1_143' title='bbox 1591 2391 1911 2504; x_wconf 86' lang='lat' dir='ltr'><strong>quiescentibus,</strong></span> <span class='ocrx_word' id='word_1_144' title='bbox 1938 2425 2004 2488; x_wconf 89' lang='lat' dir='ltr'><strong>te·</strong></span> 
     </span>
     <span class='ocr_line' id='line_1_19' title="bbox 435 2513 2003 2632; baseline 0.003 -22"><span class='ocrx_word' id='word_1_145' title='bbox 435 2522 623 2612; x_wconf 79' lang='lat' dir='ltr'><strong>volvatur</strong></span> <span class='ocrx_word' id='word_1_146' title='bbox 643 2513 849 2632; x_wconf 88' lang='lat' dir='ltr'><strong>cylindrus</strong></span> <span class='ocrx_word' id='word_1_147' title='bbox 868 2515 1040 2600; x_wconf 89' lang='lat' dir='ltr'><strong>interior</strong></span> <span class='ocrx_word' id='word_1_148' title='bbox 1061 2513 1321 2600; x_wconf 86' lang='lat' dir='ltr'><strong>uniformiter</strong></span> <span class='ocrx_word' id='word_1_149' title='bbox 1339 2553 1351 2614; x_wconf 68' lang='grc' dir='ltr'><strong>ς</strong></span> <span class='ocrx_word' id='word_1_150' title='bbox 1380 2516 1747 2604; x_wconf 89' lang='lat' dir='ltr'><strong>communicabitur</strong></span> <span class='ocrx_word' id='word_1_151' title='bbox 1764 2543 1904 2608; x_wconf 86' lang='lat' dir='ltr'><strong>motus</strong></span> <span class='ocrx_word' id='word_1_152' title='bbox 1923 2527 2003 2614; x_wconf 91' lang='lat' dir='ltr'><strong>cit·</strong></span> 
     </span>
     <span class='ocr_line' id='line_1_20' title="bbox 437 2629 2001 2756; baseline 0.002 -24"><span class='ocrx_word' id='word_1_153' title='bbox 437 2647 580 2732; x_wconf 86' lang='lat' dir='ltr'><strong>cularis</strong></span> <span class='ocrx_word' id='word_1_154' title='bbox 612 2629 759 2743; x_wconf 79' lang='lat' dir='ltr'><strong>fluido,</strong></span> <span class='ocrx_word' id='word_1_155' title='bbox 794 2642 838 2730; x_wconf 89' lang='lat'>&amp;</span> <span class='ocrx_word' id='word_1_156' title='bbox 872 2639 1066 2751; x_wconf 89' lang='lat' dir='ltr'><strong>paulatim</strong></span> <span class='ocrx_word' id='word_1_157' title='bbox 1091 2663 1165 2749; x_wconf 89' lang='lat' dir='ltr'><strong>per</strong></span> <span class='ocrx_word' id='word_1_158' title='bbox 1194 2657 1329 2724; x_wconf 91' lang='lat' dir='ltr'><strong>totum</strong></span> <span class='ocrx_word' id='word_1_159' title='bbox 1358 2637 1533 2724; x_wconf 90' lang='lat' dir='ltr'><strong>liuidum</strong></span> <span class='ocrx_word' id='word_1_160' title='bbox 1565 2645 1875 2756; x_wconf 74' lang='lat' dir='ltr'><strong>propagabitur3</strong></span> <span class='ocrx_word' id='word_1_161' title='bbox 1917 2675 2001 2735; x_wconf 89' lang='lat' dir='ltr'><strong>nec</strong></span> 
     </span>
     <span class='ocr_line' id='line_1_21' title="bbox 436 2762 2005 2887; baseline 0.001 -27"><span class='ocrx_word' id='word_1_162' title='bbox 436 2776 551 2887; x_wconf 89' lang='lat' dir='ltr'><strong>prius</strong></span> <span class='ocrx_word' id='word_1_163' title='bbox 581 2769 733 2854; x_wconf 77' lang='lat' dir='ltr'><strong>desinet</strong></span> <span class='ocrx_word' id='word_1_164' title='bbox 761 2767 900 2874; x_wconf 87' lang='lat' dir='ltr'><strong>augeri</strong></span> <span class='ocrx_word' id='word_1_165' title='bbox 929 2789 1053 2878; x_wconf 87' lang='lat' dir='ltr'><strong>quam</strong></span> <span class='ocrx_word' id='word_1_166' title='bbox 1081 2762 1199 2850; x_wconf 88' lang='lat' dir='ltr'><strong>lluidi</strong></span> <span class='ocrx_word' id='word_1_167' title='bbox 1226 2784 1358 2876; x_wconf 91' lang='lat' dir='ltr'><strong>partes</strong></span> <span class='ocrx_word' id='word_1_168' title='bbox 1398 2767 1561 2878; x_wconf 77' lang='lat' dir='ltr'><strong>singule</strong></span> <span class='ocrx_word' id='word_1_169' title='bbox 1593 2787 1754 2856; x_wconf 89' lang='lat' dir='ltr'><strong>motum</strong></span> <span class='ocrx_word' id='word_1_170' title='bbox 1784 2773 2005 2862; x_wconf 84' lang='lat' dir='ltr'><strong>corollario</strong></span> 
     </span>
     <span class='ocr_line' id='line_1_22' title="bbox 434 2889 1078 3010; baseline -0.012 -32"><span class='ocrx_word' id='word_1_171' title='bbox 434 2913 585 3010; x_wconf 86' lang='lat' dir='ltr'><strong>quarto</strong></span> <span class='ocrx_word' id='word_1_172' title='bbox 614 2889 828 2974; x_wconf 83' lang='lat' dir='ltr'><strong>delinitum</strong></span> <span class='ocrx_word' id='word_1_173' title='bbox 856 2889 1078 3001; x_wconf 89' lang='lat' dir='ltr'><strong>acquirant.</strong></span> 
     </span>
    </p>

    <p class='ocr_par' dir='ltr' id='par_1_6' title="bbox 432 3008 2005 3870">
     <span class='ocr_line' id='line_1_23' title="bbox 494 3008 2001 3124; baseline 0.003 -23"><span class='ocrx_word' id='word_1_174' title='bbox 494 3015 617 3103; x_wconf 74' lang='lat' dir='ltr'><strong>Coros.</strong></span> <span class='ocrx_word' id='word_1_175' title='bbox 638 3020 674 3096; x_wconf 91' lang='lat'><strong>6.</strong></span> <span class='ocrx_word' id='word_1_176' title='bbox 702 3008 758 3096; x_wconf 86' lang='lat' dir='ltr'><strong>Et</strong></span> <span class='ocrx_word' id='word_1_177' title='bbox 778 3013 971 3124; x_wconf 90' lang='lat' dir='ltr'><strong>quoniam</strong></span> <span class='ocrx_word' id='word_1_178' title='bbox 999 3009 1175 3100; x_wconf 88' lang='lat' dir='ltr'><strong>fluidum</strong></span> <span class='ocrx_word' id='word_1_179' title='bbox 1198 3031 1367 3104; x_wconf 86' lang='lat' dir='ltr'><strong>conatur</strong></span> <span class='ocrx_word' id='word_1_180' title='bbox 1390 3035 1551 3104; x_wconf 88' lang='lat' dir='ltr'><strong>motum</strong></span> <span class='ocrx_word' id='word_1_181' title='bbox 1584 3019 1700 3104; x_wconf 89' lang='lat' dir='ltr'><strong>sunm</strong></span> <span class='ocrx_word' id='word_1_182' title='bbox 1722 3020 1859 3107; x_wconf 86' lang='lat' dir='ltr'><strong>adhuc</strong></span> <span class='ocrx_word' id='word_1_183' title='bbox 1888 3023 2001 3108; x_wconf 88' lang='lat' dir='ltr'><strong>latius</strong></span> 
     </span>
     <span class='ocr_line' id='line_1_24' title="bbox 437 3131 2003 3258; baseline 0.006 -34"><span class='ocrx_word' id='word_1_184' title='bbox 437 3165 674 3258; x_wconf 84' lang='lat' dir='ltr'><strong>propagare,</strong></span> <span class='ocrx_word' id='word_1_185' title='bbox 704 3131 819 3242; x_wconf 73' lang='lat' dir='ltr'><strong>hujus</strong></span> <span class='ocrx_word' id='word_1_186' title='bbox 842 3137 999 3250; x_wconf 89' lang='lat' dir='ltr'><strong>impetu</strong></span> <span class='ocrx_word' id='word_1_187' title='bbox 1020 3137 1319 3248; x_wconf 85' lang='lat' dir='ltr'><strong>circumagetur</strong></span> <span class='ocrx_word' id='word_1_188' title='bbox 1342 3144 1465 3227; x_wconf 90' lang='lat' dir='ltr'><strong>etiam</strong></span> <span class='ocrx_word' id='word_1_189' title='bbox 1489 3143 1696 3254; x_wconf 90' lang='lat' dir='ltr'><strong>cylindrus</strong></span> <span class='ocrx_word' id='word_1_190' title='bbox 1723 3149 1904 3232; x_wconf 85' lang='lat' dir='ltr'><strong>exterior</strong></span> <span class='ocrx_word' id='word_1_191' title='bbox 1927 3147 2003 3234; x_wconf 78' lang='lat' dir='ltr'><strong>nifi</strong></span> 
     </span>
     <span class='ocr_line' id='line_1_25' title="bbox 432 3255 2004 3388; baseline 0.008 -40"><span class='ocrx_word' id='word_1_192' title='bbox 432 3255 641 3352; x_wconf 70' lang='lat' dir='ltr'><strong>uiolenter</strong></span> <span class='ocrx_word' id='word_1_193' title='bbox 664 3260 883 3356; x_wconf 85' lang='lat' dir='ltr'><strong>detentus;</strong></span> <span class='ocrx_word' id='word_1_194' title='bbox 914 3261 956 3344; x_wconf 71' lang='grc' dir='ltr'>ἃ</span> <span class='ocrx_word' id='word_1_195' title='bbox 985 3263 1274 3350; x_wconf 86' lang='lat' dir='ltr'><strong>accelerabitur</strong></span> <span class='ocrx_word' id='word_1_196' title='bbox 1301 3263 1385 3373; x_wconf 87' lang='lat' dir='ltr'><strong>ejus</strong></span> <span class='ocrx_word' id='word_1_197' title='bbox 1409 3287 1545 3354; x_wconf 85' lang='lat' dir='ltr'><strong>motus</strong></span> <span class='ocrx_word' id='word_1_198' title='bbox 1573 3271 1710 3382; x_wconf 90' lang='lat' dir='ltr'><strong>quoad</strong></span> <span class='ocrx_word' id='word_1_199' title='bbox 1743 3273 1868 3388; x_wconf 90' lang='lat' dir='ltr'><strong>usque</strong></span> <span class='ocrx_word' id='word_1_200' title='bbox 1898 3293 2004 3360; x_wconf 88' lang='lat' dir='ltr'><strong>tem·</strong></span> 
     </span>
     <span class='ocr_line' id='line_1_26' title="bbox 433 3384 2005 3512; baseline 0.007 -39"><span class='ocrx_word' id='word_1_201' title='bbox 433 3415 538 3510; x_wconf 89' lang='lat' dir='ltr'><strong>pora</strong></span> <span class='ocrx_word' id='word_1_202' title='bbox 559 3384 767 3501; x_wconf 87' lang='lat' dir='ltr'><strong>periodica</strong></span> <span class='ocrx_word' id='word_1_203' title='bbox 783 3384 956 3496; x_wconf 87' lang='lat' dir='ltr'><strong>cylindri</strong></span> <span class='ocrx_word' id='word_1_204' title='bbox 976 3387 1184 3501; x_wconf 87' lang='lat' dir='ltr'><strong>utriusque</strong></span> <span class='ocrx_word' id='word_1_205' title='bbox 1207 3408 1419 3501; x_wconf 85' lang='lat' dir='ltr'><strong>aequentur</strong></span> <span class='ocrx_word' id='word_1_206' title='bbox 1446 3391 1552 3495; x_wconf 82' lang='lat' dir='ltr'><strong>inter</strong></span> <span class='ocrx_word' id='word_1_207' title='bbox 1575 3393 1626 3478; x_wconf 90' lang='lat' dir='ltr'><strong>se.</strong></span> <span class='ocrx_word' id='word_1_208' title='bbox 1683 3396 1815 3508; x_wconf 93' lang='lat' dir='ltr'><strong>Quod</strong></span> <span class='ocrx_word' id='word_1_209' title='bbox 1834 3399 1862 3482; x_wconf 84' lang='lat' dir='ltr'>fi</span> <span class='ocrx_word' id='word_1_210' title='bbox 1882 3400 2005 3512; x_wconf 88' lang='lat' dir='ltr'><strong>cylin-</strong></span> 
     </span>
     <span class='ocr_line' id='line_1_27' title="bbox 435 3507 2002 3608; baseline 0.001 -8"><span class='ocrx_word' id='word_1_211' title='bbox 435 3511 538 3604; x_wconf 76' lang='lat' dir='ltr'><strong>drus</strong></span> <span class='ocrx_word' id='word_1_212' title='bbox 565 3507 745 3594; x_wconf 84' lang='lat' dir='ltr'><strong>exterior</strong></span> <span class='ocrx_word' id='word_1_213' title='bbox 766 3509 966 3594; x_wconf 86' lang='lat' dir='ltr'><strong>violenter</strong></span> <span class='ocrx_word' id='word_1_214' title='bbox 986 3509 1232 3608; x_wconf 84' lang='lat' dir='ltr'><strong>detineatur,</strong></span> <span class='ocrx_word' id='word_1_215' title='bbox 1259 3512 1473 3598; x_wconf 88' lang='lat' dir='ltr'><strong>conabitur</strong></span> <span class='ocrx_word' id='word_1_216' title='bbox 1491 3513 1524 3598; x_wconf 92' lang='lat' dir='ltr'><strong>is</strong></span> <span class='ocrx_word' id='word_1_217' title='bbox 1544 3539 1706 3604; x_wconf 89' lang='lat' dir='ltr'><strong>motum</strong></span> <span class='ocrx_word' id='word_1_218' title='bbox 1734 3519 1854 3606; x_wconf 92' lang='lat' dir='ltr'><strong>fluidi</strong></span> <span class='ocrx_word' id='word_1_219' title='bbox 1880 3543 2002 3604; x_wconf 88' lang='lat' dir='ltr'><strong>retar-</strong></span> 
     </span>
     <span class='ocr_line' id='line_1_28' title="bbox 435 3630 2001 3758; baseline 0.013 -46"><span class='ocrx_word' id='word_1_220' title='bbox 435 3635 569 3726; x_wconf 70' lang='lat' dir='ltr'><strong>darer</strong></span> <span class='ocrx_word' id='word_1_221' title='bbox 600 3631 641 3713; x_wconf 75' lang='lat' dir='ltr'><strong>n</strong></span> <span class='ocrx_word' id='word_1_222' title='bbox 666 3630 737 3716; x_wconf 84' lang='lat' dir='ltr'><strong>nist</strong></span> <span class='ocrx_word' id='word_1_223' title='bbox 768 3634 973 3742; x_wconf 85' lang='lat' dir='ltr'><strong>cylindrus</strong></span> <span class='ocrx_word' id='word_1_224' title='bbox 1000 3635 1170 3722; x_wconf 89' lang='lat' dir='ltr'><strong>interior</strong></span> <span class='ocrx_word' id='word_1_225' title='bbox 1200 3636 1241 3716; x_wconf 88' lang='lat' dir='ltr'><strong>vi</strong></span> <span class='ocrx_word' id='word_1_226' title='bbox 1267 3636 1398 3749; x_wconf 90' lang='lat' dir='ltr'><strong>aliqua</strong></span> <span class='ocrx_word' id='word_1_227' title='bbox 1425 3639 1673 3728; x_wconf 88' lang='lat' dir='ltr'><strong>extrinsecus</strong></span> <span class='ocrx_word' id='word_1_228' title='bbox 1700 3641 1881 3758; x_wconf 78' lang='lat' dir='ltr'><strong>impressa</strong></span> <span class='ocrx_word' id='word_1_229' title='bbox 1908 3668 2001 3730; x_wconf 82' lang='lat'>1110·</span> 
     </span>
     <span class='ocr_line' id='line_1_29' title="bbox 442 3752 1674 3870; baseline 0.011 -33"><span class='ocrx_word' id='word_1_230' title='bbox 442 3771 530 3838; x_wconf 89' lang='lat' dir='ltr'><strong>tum</strong></span> <span class='ocrx_word' id='word_1_231' title='bbox 559 3752 672 3834; x_wconf 91' lang='lat' dir='ltr'><strong>illum</strong></span> <span class='ocrx_word' id='word_1_232' title='bbox 693 3753 919 3851; x_wconf 89' lang='lat' dir='ltr'><strong>conservet,</strong></span> <span class='ocrx_word' id='word_1_233' title='bbox 948 3753 1102 3840; x_wconf 86' lang='lat' dir='ltr'><strong>efficiet</strong></span> <span class='ocrx_word' id='word_1_234' title='bbox 1124 3779 1168 3842; x_wconf 93' lang='lat' dir='ltr'><strong>ut</strong></span> <span class='ocrx_word' id='word_1_235' title='bbox 1185 3755 1297 3842; x_wconf 88' lang='lat' dir='ltr'><strong>idem</strong></span> <span class='ocrx_word' id='word_1_236' title='bbox 1323 3760 1513 3870; x_wconf 73' lang='lat' dir='ltr'><strong>paulatim</strong></span> <span class='ocrx_word' id='word_1_237' title='bbox 1538 3761 1674 3850; x_wconf 83' lang='lat' dir='ltr'><strong>cesset.</strong></span> 
     </span>
    </p>
   </div>
   <div class='ocr_carea' id='block_1_3' title="bbox 483 3873 1734 4004">
    <p class='ocr_par' dir='ltr' id='par_1_7' title="bbox 483 3873 1734 4004">
     <span class='ocr_line' id='line_1_30' title="bbox 483 3873 1734 4004; baseline 0.02 -47"><span class='ocrx_word' id='word_1_238' title='bbox 483 3873 602 3994; x_wconf 76' lang='lat' dir='ltr'><strong>Quo</strong></span> <span class='ocrx_word' id='word_1_239' title='bbox 628 3877 763 3963; x_wconf 84' lang='lat' dir='ltr'><strong>omnia</strong></span> <span class='ocrx_word' id='word_1_240' title='bbox 787 3879 831 3972; x_wconf 82' lang='lat' dir='ltr'><strong>in</strong></span> <span class='ocrx_word' id='word_1_241' title='bbox 855 3905 957 4000; x_wconf 85' lang='lat' dir='ltr'><strong>aqua</strong></span> <span class='ocrx_word' id='word_1_242' title='bbox 974 3881 1180 3996; x_wconf 85' lang='lat' dir='ltr'><strong>profunda</strong></span> <span class='ocrx_word' id='word_1_243' title='bbox 1205 3879 1409 3998; x_wconf 83' lang='lat' dir='ltr'><strong>stagnante</strong></span> <span class='ocrx_word' id='word_1_244' title='bbox 1432 3891 1608 4004; x_wconf 86' lang='lat' dir='ltr'><strong>experiri</strong></span> <span class='ocrx_word' id='word_1_245' title='bbox 1627 3892 1734 3986; x_wconf 83' lang='lat' dir='ltr'><strong>licet.</strong></span> 
     </span>
    </p>
   </div>
   <div class='ocr_carea' id='block_1_4' title="bbox 0 0 2182 5646">
    <p class='ocr_par' dir='ltr' id='par_1_8' title="bbox 0 0 2182 5646">
     <span class='ocr_line' id='line_1_31' title="bbox 0 0 2182 5646; baseline 0 0"><span class='ocrx_word' id='word_1_246' title='bbox 0 0 2182 5646; x_wconf 95' lang='lat' dir='ltr'><strong> </strong></span> 
     </span>
    </p>
   </div>
  </div>
 </body>
</html>
