4338 5656
418 215 817 316 PRINCIPIA
862 201 1462 309 MATHEMATICA.
1629 227 1736 336 '491

172 387 404 502 gitudinem
424 387 466 472 in
485 405 679 496 tangente
699 383 961 493 descriptam,
982 398 1028 464 ut
1051 379 1085 465 S
1093 417 1122 489 μ
1139 379 1192 465 ad
1213 379 1306 465 SN.
1335 379 1462 490 Igitur
1482 379 1530 464 A
1539 379 1576 467 C
1587 381 1631 468 de
1650 388 1739 476 lon.
1773 375 1829 522 ri
1839 394 1858 516 ζ
1860 377 1937 518 ⁸1¹¹ss
1946 465 1960 505 ς

173 511 320 625 gitudo
350 511 426 597 hac
456 536 562 594 nova
593 508 813 596 uelocitate
844 503 1058 616 descripta,
1085 530 1181 590 cunt
1213 505 1287 590 srnt
1307 506 1358 591 ad
1377 507 1679 616 longitudinem
1697 513 1741 598 in
1963 491 1971 510 ’

174 656 367 746 tangente
388 636 632 746 descriptam
652 634 695 718 in
715 631 861 716 eadem
879 630 1052 728 ratione,
1074 652 1287 746 aequantur
1308 635 1415 718 inter
1436 633 1489 718 se.
1520 635 1574 750 Q
1586 636 1637 719 E.
1652 640 1716 722 D.

170 863 176 872 Ι
231 762 358 848 Coros.
387 759 565 844 Cometa
585 759 711 867 igitur
731 783 780 840 ea
802 775 898 839 cum
917 755 1151 854 velocitate,
1179 782 1302 870 quam
1323 757 1445 842 habet
1464 757 1505 844 in
1526 761 1743 856 altitudine

150 873 152 878 ’
176 890 321 1002 Spa-l}
332 883 360 966 I
363 924 405 998 μ,
429 883 581 970 eodem
599 903 787 994 tempore
808 879 1057 967 describeret
1080 883 1279 971 chordam
1295 887 1344 969 A
1352 886 1389 974 C
1400 882 1723 999 quamproxime.
1885 905 1888 912 ’

682 1135 1061 1235 LEMMA
1129 1137 1227 1238 XI.

245 1341 284 1444 S
280 1342 297 1438 i
319 1363 485 1439 cometa
509 1361 628 1435 motu
661 1331 780 1432 omni
805 1329 1015 1472 privatus
1039 1329 1093 1429 de
1117 1327 1350 1429 altitudine
1374 1321 1471 1428 SN
1495 1333 1578 1451 fi’u
1605 1328 1677 1438 Sa
1694 1349 1740 1430 l·

174 1497 275 1618 ÷Ir
306 1490 624 1612 demitteretur,
658 1513 706 1585 ut
730 1485 905 1584 caderet
932 1482 980 1580 in
1005 1479 1158 1607 fidem,
1197 1481 1259 1588 ἐφ’
1282 1521 1335 1582 ea
1356 1488 1537 1620 semper
1571 1485 1619 1584 vi
1641 1481 1743 1582 uni·

165 1645 379 1780 formiter
404 1640 658 1740 continuata
681 1664 910 1772 urgeretur
933 1634 979 1735 itt
999 1635 1152 1762 fidem,
1182 1673 1274 1772 qna
1293 1663 1471 1768 urgetur
1482 1639 1567 1760 snb
1589 1637 1738 1761 initi023

178 1799 295 1900 idern
320 1792 498 1928 semiffe
527 1793 746 1930 temporis,
775 1831 858 1928 quo
891 1791 939 1891 in
962 1789 1061 1890 orbe
1084 1795 1165 1912 fian
1192 1789 1406 1914 describat
1432 1829 1586 1892 arcum
1616 1796 1738 1914 AC,

176 1953 374 2075 destenfit
396 1951 478 2070 stru
511 1941 767 2068 describeret
789 1943 993 2082 spanum
1016 1943 1274 2078 longitudini
1298 1945 1321 2042 I
1332 1991 1363 2064 μ
1379 1945 1562 2082 aequal.
1661 2017 1665 2024 -

233 2185 341 2270 Nam
361 2199 539 2274 cometa,
559 2203 645 2290 quo
664 2195 852 2282 tempore
867 2172 1067 2262 describat
1087 2203 1227 2262 arcum
1249 2177 1524 2288 parabolicum
1546 2180 1593 2260 A
1602 2179 1646 2277 C,
1674 2171 1743 2266 eo·

175 2311 277 2396 dem
296 2329 484 2414 tempore
514 2327 561 2384 ea
580 2325 676 2382 curn
696 2296 929 2394 velocitate,
957 2323 1081 2410 quarn
1110 2301 1232 2384 habet
1253 2305 1296 2382 in
1315 2299 1536 2386 altitudine
1550 2303 1633 2387 tr
1651 2311 1743 2416 (pet

179 2438 329 2520 lemma
349 2426 628 2534 novissimum)
657 2419 859 2506 describet
885 2423 1083 2508 chordam
1103 2431 1151 2510 A
1159 2426 1202 2522 C,
1238 2424 1417 2538 ideoque
1444 2428 1542 2538 (per
1560 2435 1687 2516 corol.
1709 2459 1745 2534 7.

178 2584 296 2674 prop.
314 2581 397 2640 xvr.
416 2549 482 2634 lib.
502 2557 549 2658 1.)
567 2546 718 2631 eodem
741 2563 927 2654 tempore
945 2547 987 2630 in
1008 2547 1177 2647 circulo,
1196 2548 1308 2658 cujus
1328 2549 1626 2638 semidiametet
1647 2553 1746 2638 esset

180 2682 275 2773 SP,
297 2677 337 2761 vi
356 2671 559 2784 gravitatis
579 2669 658 2752 suae
676 2667 942 2763 revolvendo,
961 2667 1209 2757 describeret
1224 2699 1374 2782 arcum,
1395 2673 1508 2782 cujus
1525 2677 1745 2786 longitudo

180 2799 278 2889 esset
305 2798 356 2882 ad
383 2822 498 2880 arcus
522 2791 742 2906 parabolici
760 2789 959 2875 chordam
982 2793 1078 2890 AC,
1106 2795 1148 2879 in
1172 2795 1449 2908 subduplicata
1476 2801 1632 2888 tatione
1657 2805 1744 2889 uni·

180 2927 271 3013 tatis
293 2922 343 3007 ad
361 2919 574 3005 binarium.
631 2914 686 3001 Et
705 2935 922 3027 propterea
943 2941 995 3000 eo
1014 2945 1110 3002 cum
1133 2921 1333 3030 pondere,
1350 2922 1465 3033 quod
1483 2925 1604 3010 habet
1620 2929 1663 3014 in
1682 2931 1745 3014 so·

179 3053 262 3133 lem
290 3049 332 3131 in
356 3041 570 3128 altitudine
595 3041 623 3120 S
633 3041 691 3136 P,
719 3039 908 3124 cadendo
933 3040 987 3124 de
1020 3043 1234 3129 altitudine
1262 3046 1327 3128 illa
1361 3047 1564 3147 in'solem,
1593 3052 1744 3140 descri-

179 3177 297 3260 beret
322 3165 475 3254 semisse
498 3163 694 3276 temporis
720 3165 823 3248 illius
853 3171 953 3274 (per
977 3170 1105 3253 corol.
1128 3200 1164 3276 9.
1191 3195 1309 3282 prop.
1328 3195 1380 3254 tv.
1409 3171 1543 3283 libr.)
1572 3174 1743 3285 spatium

179 3299 336 3409 aequale
362 3290 564 3406 quadrato
586 3285 751 3379 semissis
777 3287 946 3372 chotdae
972 3290 1076 3376 illius
1095 3296 1298 3406 applicato
1323 3295 1373 3380 ad
1397 3295 1670 3412 quadruplum
1692 3305 1746 3390 al·

181 3483 363 3570 titudinis
384 3480 485 3574 SP,
515 3475 649 3573 idest,
676 3475 846 3587 spatium
857 3411 988 3649 ff}
1044 3479 1167 3570 Unde
1189 3511 1285 3570 curn
1311 3485 1473 3598 pondus
1500 3509 1675 3608 cornetae
1700 3495 1744 3581 in

181 3673 308 3757 solem
335 3669 377 3754 in
404 3663 620 3748 altitudine
640 3659 735 3746 SN
754 3659 801 3746 stt
825 3666 875 3750 ad
911 3667 1028 3779 ipsrus
1055 3674 1214 3778 pondus
1244 3675 1286 3760 in
1308 3675 1432 3760 solem
1460 3677 1501 3761 in
1528 3665 1743 3765 altitudine

183 3794 285 3892 SP,
314 3813 359 3879 ut
389 3787 475 3874 SP
499 3787 551 3872 ad
577 3787 610 3872 S
615 3813 668 3900 μς
698 3809 860 3872 cometa
883 3793 1067 3901 pondere
1091 3799 1206 3908 quod
1226 3799 1347 3885 habet
1372 3804 1413 3884 in
1435 3801 1647 3890 altitudine
1667 3806 1753 3890 SN

182 3979 334 4064 eodem
360 3997 562 4086 tempore,
587 3976 630 4060 in
654 3971 779 4058 solent
808 3977 1011 4080 cadendo,
1045 3983 1445 4132 describetspatium
1460 3925 1592 4168 g}
1614 3993 1656 4078 id
1673 3991 1744 4092 esi,

181 4166 354 4282 spatium
376 4165 622 4274 longitudini
642 4159 704 4264 Ιμ
724 4159 790 4244 vel
810 4165 870 4246 M
870 4207 901 4278 μ
929 4172 1091 4280 aequale.
1148 4173 1202 4290 Q
1222 4172 1273 4258 E.
1293 4175 1354 4260 D.

801 4713 997 4836 ¹Rl'ru
1071 4751 1122 4828 j·

935 4839 943 4868 a
