4344 5648
360 325 362 332 ,
439 215 840 336 ritmorum
886 197 1486 318 unrurtrnrrcn.
1654 227 1749 342 33¹

185 411 386 503 foramine
412 403 603 492 deorsum
629 423 752 514 quarn
782 415 932 503 corpus
963 385 1153 474 cadendo
1182 411 1204 469 a
1236 381 1414 468 dimidio
1443 378 1667 465 altitudinis
1687 370 1975 511 ΙΖΒΕΜἻυς

186 537 398 653 acquirere
431 528 586 642 potest:
629 518 823 608 velocitas
854 535 993 600 autem
1027 506 1473 618 cataraflaesutriusque
1499 503 1681 587 cadentis
1708 526 1757 585 ea
1821 469 1899 614 Ὗ
1978 485 1986 504 '

186 664 265 748 erit
289 662 331 746 in
360 655 563 744 foramine
592 648 689 749 EF,
714 669 838 760 quam
864 661 1013 750 corpus
1044 632 1235 720 cadendo
1265 631 1314 716 ab
1343 627 1555 715 altitudine
1578 649 1665 712 tota
1691 624 1757 709 IG

185 787 382 900 acquiret.

243 912 334 1017 Caſs
350 937 387 989 2.
414 901 456 987 Si
481 899 667 985 foramen
689 889 776 974 EF
797 913 880 972 non
911 884 1022 969 sitin
1050 881 1192 968 medio
1211 878 1330 966 fundi
1349 877 1460 974 vasts,
1489 875 1558 962 fed
1578 875 1752 962 fundum

188 1037 282 1125 alibi
301 1031 557 1145 perforetur:
587 1045 689 1135 aqua
709 1012 849 1102 effluet
868 1009 1014 1096 eadem
1031 1034 1127 1094 cum
1151 1005 1371 1092 uelocitate
1396 1031 1444 1089 ac
1468 1006 1591 1114 prius,
1618 1002 1753 1085 srmo-

190 1166 248 1252 do
282 1159 427 1245 eadem
463 1154 512 1239 stt-
543 1141 750 1234 foraminis
790 1133 1041 1249 magnitudo.
1114 1133 1220 1218 Nam
1256 1155 1377 1242 grave
1413 1129 1555 1238 majori
1584 1129 1754 1242 quidem

190 1311 378 1399 tempore
397 1276 607 1366 descendit
635 1269 687 1354 ad
714 1266 887 1352 eandem
920 1260 1242 1377 profunditatem
1268 1283 1341 1368 per
1370 1256 1516 1342 lineam
1548 1255 1752 1369 obliquam

189 1438 312 1527 quam
337 1434 410 1521 per
435 1405 583 1488 lineam
604 1389 997 1510 perpendicularem,
1027 1385 1097 1472 sed
1127 1381 1418 1468 descendendo
1451 1381 1624 1465 eandem
1644 1382 1753 1465 velo·

190 1540 357 1623 citatem
390 1528 563 1642 acquirit
591 1523 634 1605 in
657 1539 842 1632 utroque
864 1513 970 1610 casu,
996 1531 1041 1594 ut
1066 1509 1260 1594 Galilaeus
1283 1504 1587 1590 demonstravit.

247 1662 339 1769 Cast
356 1686 390 1761 3.
426 1655 583 1739 Eadem
612 1645 669 1731 est
700 1666 815 1756 aquae
841 1639 1035 1723 velocitas
1062 1634 1262 1721 effluentis
1291 1657 1364 1745 per
1385 1631 1570 1717 foramen
1590 1633 1632 1717 in
1659 1634 1755 1719 late·

189 1812 235 1873 re
255 1783 361 1870 valis.
416 1778 522 1863 Nam
548 1773 575 1856 fi
608 1770 792 1853 foramen
813 1787 981 1872 parvum
1007 1760 1068 1858 stt,
1095 1780 1141 1844 ut
1169 1756 1424 1842 intervallum
1452 1755 1559 1840 inter
1591 1756 1756 1867 superfi-

189 1913 273 1997 cies
294 1906 378 1992 AB
396 1904 439 1987 δι
458 1903 503 1985 K
505 1899 543 1981 L
562 1893 700 2010 quoad
722 1889 877 1973 sensum
905 1885 1128 1980 evanescat,
1156 1881 1198 1964 dr
1224 1906 1327 1964 vena
1348 1903 1463 1993 aquae
1491 1882 1756 1967 horizontali-

190 2060 255 2123 tet
276 2029 476 2121 exilientis
503 2025 682 2134 'figuram
710 2013 981 2128 parabolicam
1011 2005 1227 2094 efformet:
1263 2033 1316 2090 ex
1343 2007 1467 2090 latere
1497 2006 1609 2090 reslo
1632 1999 1759 2118 'hujus

191 2157 393 2274 parabolae
426 2151 656 2257 colligetur,
683 2139 798 2253 quod
817 2135 1010 2219 velocitas
1029 2156 1145 2245 aquae
1168 2129 1371 2215 effluentis
1393 2155 1440 2212 ea
1462 2128 1508 2213 fit
1528 2155 1651 2242 quam
1667 2159 1757 2217 cor,

192 2314 269 2401 pus
295 2285 345 2368 ab
370 2301 486 2393 aquae
517 2274 559 2356 in
587 2267 677 2355 vase
707 2260 920 2370 stagnantis
950 2257 1164 2342 altitudine
1190 2253 1275 2335 HG
1294 2254 1361 2337 vel
1388 2251 1453 2335 sG
1478 2253 1666 2340 cadendo
1693 2286 1758 2344 ac·

192 2413 357 2525 quitere
388 2390 594 2514 potuisset.
659 2383 781 2474 Faslo
814 2383 956 2495 utique
984 2380 1268 2491 experimento
1303 2377 1439 2460 inveni
1467 2377 1595 2487 quod,
1623 2373 1759 2468 fralai.

194 2534 299 2620 tudo
318 2551 429 2642 aquae
452 2515 664 2633 stagnantis
687 2511 803 2620 supra
832 2506 1015 2591 foramen
1044 2501 1141 2587 esset
1170 2500 1315 2610 viginti
1344 2499 1571 2608 digitorum
1599 2503 1643 2587 ἃ
1669 2507 1758 2591 alti-

192 2656 299 2741 tudo
325 2645 532 2736 foraminis
557 2642 673 2748 fupra
698 2635 863 2746 planum
889 2629 1095 2713 horizonti
1126 2626 1355 2735 parallelum
1384 2621 1481 2706 esset
1506 2651 1674 2738 quoque
1702 2632 1762 2716 vi.

195 2777 300 2889 ginti
334 2772 574 2880 digitorum,
611 2785 713 2845 vena
743 2781 858 2868 aquae
887 2750 1127 2864 prosilientis
1158 2746 1358 2833 incideret
1387 2746 1430 2831 in
1465 2748 1629 2860 planum
1655 2750 1757 2839 iliud

195 2902 247 2986 ad
267 2895 493 2984 distantiam
521 2890 746 2999 digitorum
761 2873 824 2982 ‘37
848 2878 1013 2963 circiter
1035 2903 1057 2961 a
1085 2872 1381 2989 perpendiculo
1399 2873 1515 2986 quod
1533 2875 1575 2959 in
1596 2878 1761 2988 planum

194 3024 295 3112 illud
326 3050 347 3106 a
375 3015 574 3104 foramine
603 3004 894 3092 demittebatur
922 3020 1093 3111 captam.
1149 2998 1256 3081 Nam
1291 2996 1371 3082 fine
1398 2991 1630 3099 resistentia,
1657 3030 1761 3091 vena

195 3149 378 3236 incidere
405 3135 603 3228 debuisset
626 3135 669 3217 in
698 3132 861 3243 planum
893 3125 991 3210 illud
1019 3124 1070 3209 ad
1093 3122 1320 3207 distantiam
1347 3121 1572 3229 digitorum
1599 3154 1665 3233 40,
1691 3156 1762 3216 ex.

196 3278 340 3362 issente
368 3292 482 3354 venae
507 3258 748 3372 parabolicae
773 3255 898 3335 latere
920 3249 1034 3333 refio
1061 3247 1289 3354 digitorum
1317 3243 1382 3328 80.

255 3398 347 3502 Cas
361 3426 398 3499 4.
424 3385 663 3499 Quinetiam
680 3403 782 3489 aqua
803 3373 987 3469 effluent,
1016 3369 1214 3454 srfutsum
1232 3369 1399 3465 feratur,
1424 3367 1571 3454 eadem
1600 3374 1762 3483 egredi.

198 3543 379 3609 turcum
399 3511 630 3600 velocitate.
685 3499 879 3587 Ascendit
897 3500 1009 3583 enim
1033 3521 1147 3610 aquae
1177 3496 1377 3585 exilientis
1404 3520 1506 3580 verta
1533 3521 1653 3606 parva
1674 3526 1762 3586 mo·

197 3671 244 3734 tu
267 3632 593 3761 perpendiculari
631 3629 681 3712 ad
708 3649 825 3740 aqttae
856 3623 897 3707 in
925 3623 1015 3707 vase
1045 3621 1261 3729 stagnantis
1289 3619 1546 3706 altitudinem
1577 3623 1674 3706 GH
1696 3627 1765 3714 vel·

198 3775 239 3857 G
248 3773 287 3871 I,
327 3765 401 3855 nisi
430 3781 628 3879 quatenus
661 3752 842 3872 ascensus
883 3747 968 3856 ejus
999 3747 1048 3833 ab
1077 3747 1180 3831 aeris
1215 3744 1434 3830 refluentia
1471 3746 1764 3861 aliquantulum

198 3891 472 4003 impediatura
507 3909 555 3968 ac
588 3874 765 3991 proinde
791 3891 839 3959 ea
862 3865 991 3958 effluit
1025 3893 1121 3953 cum
1147 3869 1366 3954 velocitate
1398 3893 1521 3981 quam
1552 3871 1602 3954 ab
1629 3873 1763 3960 altitu·

200 4015 298 4100 dine
324 4015 388 4095 illa
418 4003 607 4092 cadendo
638 3997 852 4112 acquirere
886 3992 1088 4106 potuisset.
1143 3994 1277 4104 Aquae
1319 3992 1533 4102 stagnantis
1567 3997 1763 4104 particula

197 4161 454 4253 unaquaeque
483 4129 665 4240 undique
698 4123 897 4237 premitur
921 4121 1133 4234 aqualiter
1163 4125 1255 4232 (per
1275 4145 1391 4233 prop.
1417 4148 1511 4205 xrx.
1539 4120 1606 4204 lib.
1633 4126 1688 4227 a.)
1717 4123 1763 4207 de

197 4262 392 4381 preffioni
424 4253 615 4343 cedendo
652 4247 794 4362 aequali
820 4243 977 4356 impetu
1001 4246 1044 4330 in
1071 4268 1213 4329 omnes
1245 4263 1378 4355 partes
1405 4245 1549 4342 fertur,
1591 4243 1669 4330 srve
1691 4246 1764 4331 de·

200 4389 364 4475 scendat
389 4408 464 4496 per
494 4379 677 4466 foramen
706 4375 748 4458 in
778 4369 910 4457 fundo
938 4370 1048 4471 vasrs,
1083 4365 1164 4456 ftv'e
1195 4370 1503 4455 horizontaliter
1527 4366 1664 4454 effluat
1689 4395 1765 4482 per

201 4513 386 4597 foramen
404 4510 447 4591 in
473 4503 557 4615 ejus
584 4507 723 4597 latere,
751 4497 831 4582 stve
849 4496 1084 4606 egrediatur
1112 4495 1155 4579 in
1181 4498 1362 4580 canalem
1390 4492 1433 4576 &
1459 4491 1556 4577 inde
1576 4485 1764 4589 ascendat

200 4629 478 4746 perforamen
506 4652 674 4739 parvum
703 4623 745 4707 in
774 4620 982 4733 superiore
998 4621 1148 4706 canalis
1174 4636 1290 4731 parte
1314 4616 1477 4704 fafium.
1533 4614 1588 4701 Et
1615 4616 1766 4699 veloci·

201 4774 328 4842 tatem
345 4775 426 4867 qua
445 4777 548 4865 aqua
568 4749 698 4840 effluit
726 4771 815 4834 eam
830 4739 928 4953 effIeJ,
949 4767 1073 4858 quant
1091 4743 1134 4830 in
1154 4744 1229 4830 hac
1256 4741 1533 4858 propositione
1561 4735 1767 4848 assignavi-

814 4910 820 4918 '
952 4893 980 4954 U
1008 4897 1032 4950 2
1659 4882 1787 4962 mus,-
