4336 5656
489 295 582 390 142
760 261 1297 362 PHILOSOPHIAE
1337 257 1810 362 NATURALIS

272 522 339 584 ⁶⁰¹
485 567 741 650 considerare
763 563 892 648 solent
922 561 1103 648 ascensus
1121 563 1165 646 dt
1190 563 1402 648 descensus
1424 563 1670 674 ponderum,
1698 585 1781 648 tam
1799 563 2006 676 obliquos
2047 567 2105 650 i:
2139 505 2141 578 4

483 695 609 806 planis
628 690 940 805 quibuscunque
965 691 1083 786 datis,
1110 715 1232 802 quant
1253 687 1634 800 perpendiculares:
1672 687 1716 772 δι
1744 689 1830 800 pari
1850 696 1956 794 jure
1984 717 2095 774 mo-

485 845 549 904 tus
578 843 802 927 corporum
829 819 980 901 viribus
1007 815 1317 934 quibuscunque
1346 832 1486 900 centra
1512 813 1755 925 petentium,
1783 813 1827 898 dc
1845 816 1988 925 planis
2002 845 2092 902 ex·
2129 890 2132 903 .

483 943 676 1030 centricis
708 943 970 1028 innitentium
1001 942 1069 1026 bic
1104 940 1420 1026 constderandus
1446 941 1572 1026 venit.
1640 939 1759 1027 Plana
1798 961 1947 1026 autem
1981 943 2089 1054 sup-

487 1079 677 1182 ponimus
710 1065 789 1152 esse
821 1065 1053 1178 politissima
1081 1065 1124 1148 δι
1152 1068 1333 1150 absolute
1362 1065 1518 1148 lubrica
1545 1089 1596 1150 ne
1628 1091 1802 1176 corpora
1833 1067 2081 1153 retardent.

480 1195 700 1308 Quinimo‚
725 1192 769 1277 in
799 1193 860 1276 bis
891 1189 1313 1288 demonstrationibus,
1348 1191 1442 1274 vice
1469 1191 1682 1300 planorum
1708 1191 1856 1302 quibus
1883 1219 2080 1305 corpora
2130 1200 2137 1233 ³

479 1316 730 1406 »incumbunt
756 1343 931 1430 quaeque
964 1335 1134 1428 tangunt
1160 1316 1454 1413 incumbendo,
1489 1312 1724 1426 usurpamus
1751 1319 1867 1428 plana
1906 1319 1973 1402 his
1998 1345 2075 1429 pa·

479 1448 636 1544 rallela,
668 1445 711 1529 in
744 1445 891 1556 quibus
925 1463 1065 1528 centra
1095 1467 1318 1560 corporum
1347 1463 1567 1528 moventur
1597 1441 1818 1528 &orbitas
1847 1449 2068 1531 movendo

487 1572 735 1658 describunt.
793 1567 848 1654 Et
868 1569 1011 1656 eadem
1033 1569 1124 1678 lege
1151 1587 1289 1656 motus
1312 1593 1536 1684 corporum
1557 1567 1601 1656 itt
1618 1566 1910 1682 superficiebus
1930 1573 2067 1658 cursis

477 1697 671 1812 peractos
691 1693 862 1784 subinde
875 1693 1211 1780 determinamus

1001 2034 1030 2128 S
1058 2037 1101 2130 Έ
1129 2029 1179 2124 'C
1215 2027 1266 2130 T
1297 2034 1322 2128 I
1358 2035 1405 2130 0
1477 2034 1539 2130 X.

480 2225 564 2336 De
586 2255 706 2334 motu
731 2251 965 2368 corporum
995 2225 1044 2328 iu
1061 2221 1377 2368 strperficiebus
1409 2225 1541 2354 datis,
1577 2223 1718 2366 deque
1730 2341 1736 2352 .
1739 2225 2052 2366 fanpendur-

1007 2437 1118 2501 rum
1140 2425 1259 2500 motu
1282 2398 1512 2539 reciproco⁴

545 2715 1019 2852 ruorosrrto
1053 2749 1234 2854 xtvt
1322 2751 1745 2852 Pnonttntn
1780 2749 1985 2852 xxxu

468 2947 632 3081 Prfita
654 2955 938 3087 cujuscunque
956 2949 1129 3084 generis
1162 2949 1213 3050 oi
1246 2951 1506 3090 cornipeta,
1541 2953 1732 3092 datoque
1758 2981 1854 3052 tum
1884 2955 2046 3054 virium

550 3133 693 3206 centro
727 3132 823 3204 tum
845 3106 987 3247 plano
1014 3142 1272 3244 quocunque
1303 3109 1352 3209 in
1383 3093 1467 3246 quo
1502 3138 1652 3249 corpus
1684 3111 1945 3239 revolvitur,
1993 3114 2046 3220 &⁴

544 3257 744 3398 couccffis
760 3256 1024 3394 figurarum
1056 3261 1402 3364 curviliueurum
1435 3263 1756 3402 quadraturis:
1798 3267 2043 3401 requiritur

545 3439 681 3514 motus
708 3411 896 3552 corporis
918 3413 973 3514 de
1001 3413 1088 3514 loco
1115 3415 1235 3544 dato,
1272 3416 1383 3518 data
1406 3455 1505 3517 cum
1537 3417 1784 3550 velocitate,
1808 3421 2043 3542 secundm

542 3567 716 3666 retiam
740 3568 787 3676 iu
802 3567 944 3702 plano
966 3568 1040 3667 illo
1063 3572 1219 3673 datum
1244 3573 1412 3710 egrrffl.

521 3839 591 3926 Sit
611 3837 644 3921 S
658 3857 848 3924 centrum
867 3841 1032 3941 virium,
1066 3845 1101 3930 S
1115 3849 1153 3934 C
1172 3849 1356 3937 dtstantia
1379 3853 1547 3941 minima
1573 3861 1705 3945 centri
1733 3859 1851 3968 hujus
1878 3861 2042 3970 apsaro
2137 3893 2138 3958 j

476 3963 590 4060 dato,
619 3963 827 4076 Pcorpus
846 3963 1015 4049 deloco
1042 3968 1086 4050 P
1103 3968 1328 4058 secundum
1355 3979 1508 4061 tedam
1527 3979 1620 4063 PZ
1640 3983 1868 4091 egrediens,
1897 3981 2041 4102 Qcor·
2133 3959 2138 4150 ι

468 4112 548 4199 pus
565 4085 677 4170 idem
695 4089 738 4172 in
757 4087 984 4198 ttajcsioria
999 4089 1065 4177 sua
1079 4099 1305 4196 revolvens,
1318 4099 1360 4182 δι
1374 4100 1503 4218 PQR
1523 4104 1750 4214 trajestoria
1766 4107 1843 4202 illa,
1865 4107 1909 4192 in
1930 4108 2041 4218 plano
2137 4151 2138 4179 r

466 4211 571 4297 dato
598 4211 813 4322 descripta,
846 4239 968 4326 quarn
993 4217 1176 4308 invenire
1207 4245 1384 4336 oportet.
1440 4223 1668 4338 Jungantur
1698 4233 1796 4353 CR),
1826 4231 1921 4347 QS,
1950 4223 2041 4314 &fi
2129 4217 2137 4319 l

468 4334 515 4418 in
538 4337 623 4454 QS
638 4339 818 4449 capiatur
838 4339 924 4420 SV
937 4347 1249 4452 proportionalis
1269 4351 1311 4434 vi
1336 4354 1574 4466 centripetae
1593 4383 1674 4470 qua
1700 4383 1846 4470 corpus
1874 4357 2041 4440 trabitur
2136 4373 2137 4464 s

471 4460 608 4544 uersus
629 4483 817 4546 centrum
845 4465 889 4558 d,
925 4461 969 4545 dc
996 4487 1136 4575 agatur
1163 4472 1249 4556 VT
1271 4499 1363 4586 quae
1393 4474 1440 4560 sit
1467 4482 1650 4588 parallelo
1677 4479 1834 4600 OQ&
1853 4495 2040 4566 occurrat

471 4582 549 4673 SC
562 4584 603 4668 in
627 4583 690 4668 Tr
717 4583 792 4673 Vis
813 4587 899 4671 SV
907 4590 1131 4680 resolvetur
1155 4604 1246 4711 (per
1261 4603 1398 4710 legum
1418 4607 1535 4688 corol
1553 4611 1611 4714 2.)
1631 4610 1675 4693 in
1699 4610 1804 4694 vires
1826 4606 1910 4706 ST,
1941 4609 1988 4692 T
1986 4607 2026 4692 V
2030 4637 2039 4700 t

465 4734 644 4823 quarum
666 4708 698 4793 S
710 4710 753 4793 T
771 4713 971 4800 trahendo
1000 4744 1149 4831 corpus
1178 4726 1405 4812 secundum
1425 4729 1570 4814 lineam
1595 4735 1716 4844 plano
1735 4734 2038 4848 perpendicula·

329 4849 339 4866 “
464 4861 572 4931 tem,
610 4837 665 4921 nis
694 4857 824 4923 mutat
852 4863 1014 4928 motum
1040 4849 1125 4954 ejus
1150 4850 1194 4935 in
1220 4855 1301 4935 hoc
1328 4855 1460 4965 plano.
1518 4855 1594 4944 Vis
1619 4881 1757 4948 autem
1790 4863 1915 4947 altera
1950 4862 1993 4944 T
1996 4859 2039 4952 V,

459 4963 630 5072 agendo
658 4963 884 5054 secundum
924 4969 1171 5083 positionem
1205 4979 1327 5093 piani,
1370 4981 1493 5068 trahit
1530 5009 1681 5099 corpus
1718 4983 1872 5076 diresie
1904 4985 2038 5072 versus
2133 4911 2136 5097 i

1841 5111 2038 5225 putidum
