4344 5648
483 259 1522 393 nurmcrrmnmrsrnmnsrcn.
1683 295 1787 398 '34⁷

218 465 313 537 tuor
345 446 619 535 secundorum
659 443 870 530 describet.
940 439 1042 532 Hoc
1088 445 1282 557 spatium,
1316 447 1370 531 ob
1419 445 1640 556 angustiam
1687 446 1964 588 vasrss¹21tER
1991 531 2016 582 ³4

214 575 338 686 lignei
364 567 564 685 praedidi,
599 568 727 652 minui
755 569 881 654 debet
913 568 956 653 in
984 570 1142 654 ratione
1177 595 1270 682 quae
1308 573 1574 683 componitur
1602 598 1656 656 ex
1694 570 1785 655 sub·
1825 545 1979 588 ΝΜ

215 699 420 811 duplicata
460 696 619 781 ratione
657 692 805 778 orificii
846 691 944 778 vasis
981 694 1032 777 ad
1075 693 1280 779 excelsum
1319 697 1466 780 orificii
1508 697 1625 806 hujus
1669 694 1786 807 supra

214 824 515 909 semicirculum
535 820 759 903 maximum
778 817 892 927 globi
913 817 955 901 ὅ(
976 845 1029 904 ex
1055 818 1223 931 fimplici
1249 820 1407 906 ratione
1432 819 1579 906 orificii
1605 820 1785 929 ejusdem

214 947 268 1033 ad
296 945 500 1034 excelsum
527 944 611 1052 ejus
638 943 754 1052 supra
782 943 981 1028 circulum
1002 945 1226 1029 maximum
1245 946 1372 1052 globi,
1400 947 1443 1032 id
1465 947 1536 1044 eil,
1563 948 1604 1031 in
1630 949 1787 1031 ratione

219 1097 236 1152 1
259 1073 308 1157 ad
331 1099 487 1180 0,99r4.
543 1069 643 1179 Quo
661 1063 783 1164 fauo,
811 1066 1027 1152 habebitur
1048 1067 1219 1179 spatium
1250 1069 1393 1168 112,08
1413 1071 1654 1179 digitorum,
1672 1073 1788 1182 quod

215 1198 361 1306 globus
393 1191 582 1281 cadendo
614 1192 656 1275 in
692 1215 794 1304 aqua
825 1190 868 1276 in
901 1193 983 1278 hoc
1013 1194 1104 1278 vase
1142 1193 1280 1302 ligneo
1314 1214 1501 1306 tempore
1533 1198 1784 1280 minutorum

213 1341 392 1433 quatuor
412 1318 685 1406 secundorum
712 1341 785 1425 per
806 1314 1006 1404 theoriam
1028 1317 1259 1404 describere
1287 1321 1431 1409 debuit
1459 1321 1782 1438 quamproxime.

214 1442 436 1557 Descripsit
456 1467 556 1526 vero
580 1439 734 1548 digitos
758 1467 831 1521 112
859 1467 933 1553 per
960 1441 1301 1556 experimentum.

272 1567 430 1680 Exper.
455 1597 493 1651 2.
528 1563 637 1648 Tres
666 1564 778 1674 globi
810 1569 996 1679 equales,
1036 1593 1215 1682 quorum
1250 1569 1434 1679 pondera
1466 1569 1628 1657 seorfim
1669 1590 1783 1653 etant

217 1700 290 1797 76÷
315 1717 534 1805 granorum
553 1695 595 1777 in
613 1717 707 1775 aere
730 1690 774 1774 δι
794 1703 865 1794 ςέ,
891 1717 1114 1801 granorum
1133 1695 1175 1779 in
1199 1719 1315 1809 aqua,
1343 1695 1563 1782 successive
1590 1696 1782 1782 demitte·

212 1817 388 1917 banton
417 1817 461 1901 dc
489 1815 761 1930 unusquisque
787 1816 942 1918 cecidit
967 1819 1010 1904 in
1030 1842 1133 1932 aqua
1155 1837 1344 1931 tempore
1370 1821 1620 1906 minutorum
1644 1816 1783 1903 secun·

213 1942 363 2029 dorum
388 1942 642 2055 quindecim,
670 1939 762 2024 casu
790 1938 863 2023 suo
892 1941 1126 2028 describens
1152 1944 1410 2030 altitudinem
1436 1941 1663 2053 digitorum
1695 1968 1781 2024 112.

266 2065 522 2179 Computum
546 2065 728 2152 ineundo
751 2064 961 2176 prodeunt
991 2068 1155 2179 pondus
1178 2069 1291 2179 globi
1319 2071 1361 2154 in
1387 2094 1519 2154 vacuo
1547 2075 1644 2172 76-,2-
1664 2091 1782 2179 gran.

203 2191 393 2292 'excelsus
418 2190 536 2299 hujus
568 2189 763 2302 ponderis
797 2191 912 2299 supra
937 2193 1100 2302 pondus
1128 2194 1170 2278 in
1196 2217 1299 2306 aqua
1328 2203 1422 2296 7142,
1438 2219 1555 2306 gran.
1584 2191 1782 2276 diameter

210 2315 325 2424 globi
352 2315 524 2422 0,81296
551 2317 629 2429 dig.
664 2311 761 2398 otto
795 2316 929 2398 tertiae
960 2335 1096 2427 partes
1123 2313 1241 2424 hujus
1276 2316 1464 2401 diametri
1501 2315 1671 2423 2,16789
1704 2313 1784 2428 dig.

208 2437 383 2550 spatium
417 2469 442 2519 2
466 2433 501 2521 F
529 2463 673 2540 2,3217
702 2438 778 2550 dig.
805 2437 979 2546 spatium
1015 2438 1131 2551 quod
1166 2438 1310 2548 globus
1347 2439 1535 2550 pondere
1573 2450 1643 2544 54,
1662 2463 1780 2552 gran.

210 2584 399 2678 tempore
445 2561 501 2647 1‘'
536 2561 620 2648 fine
660 2561 881 2649 resistentia
925 2562 1117 2650 cadendo
1171 2561 1374 2650 describat
1422 2565 1564 2664 12,808
1614 2567 1691 2677 dig.
1736 2562 1782 2648 dc

210 2710 371 2800 tempus
397 2687 442 2773 G
476 2684 721 2792 0'',301056.
777 2685 938 2772 Globus
969 2689 1109 2797 igitur,
1145 2690 1364 2777 velocitate
1397 2691 1571 2776 maxima
1602 2712 1780 2802 quacum

208 2815 342 2928 potest
368 2817 411 2901 in
427 2841 531 2928 aqua
550 2813 590 2898 vi
610 2812 803 2926 ponderis
832 2825 901 2919 5-1'2
915 2843 1034 2932 gran.
1048 2815 1313 2914 descendere,
1341 2835 1528 2931 tempore
1548 2815 1782 2921 o'',301056

208 2941 413 3028 describet
432 2941 603 3055 spatium
630 2969 775 3044 2,3217
800 2943 878 3058 dig.
907 2943 951 3028 81
979 2963 1168 3056 tempore
1201 2941 1281 3048 15'‘
1310 2943 1482 3056 spatium
1509 2945 1674 3048 115,678
1701 2944 1781 3057 dig.

207 3063 466 3155 Subducatur
485 3067 657 3182 spatium
693 3067 917 3177 1,3862944
935 3065 968 3152 F
987 3067 1055 3153 seu
1087 3074 1203 3175 1,6o9
1231 3069 1310 3180 dig.
1338 3067 1382 3152 &
1403 3069 1583 3155 manebit
1608 3069 1781 3180 spatium

209 3203 378 3301 114,o69
404 3193 483 3308 dig.
514 3192 632 3307 quod
660 3193 837 3305 proinde
865 3191 1010 3304 globus
1042 3191 1194 3277 eodem
1228 3212 1417 3304 tempore
1454 3191 1497 3275 in
1531 3191 1621 3275 vase
1645 3191 1780 3275 latiffi·

208 3339 281 3406 mo
298 3318 489 3404 cadendo
519 3314 753 3400 describere
781 3316 919 3401 debet.
976 3317 1154 3425 Propter
1180 3315 1399 3425 angustiam
1433 3313 1531 3399 vasrs
1560 3313 1686 3400 nostri
1710 3314 1780 3401 de·

208 3439 313 3523 trabi
342 3437 468 3523 debet
498 3436 670 3549 spatium
699 3437 819 3543 0,895
854 3437 931 3550 dig.
966 3437 1142 3522 circiter.
1209 3433 1266 3522 Et
1305 3436 1357 3522 fic
1395 3437 1573 3522 manebit
1607 3437 1778 3547 spatium

209 3585 379 3668 113,174
396 3561 474 3673 dig.
499 3558 791 3676 quodglobus
823 3559 1013 3646 cadendo
1045 3561 1087 3644 in
1118 3561 1200 3644 hoc
1229 3558 1333 3654 vase,
1362 3579 1549 3670 tempore
1588 3557 1668 3661 15‘'
1706 3561 1779 3647 de·

204 3683 382 3772 scribere
410 3685 553 3772 debuit
581 3710 655 3796 per
686 3685 886 3770 theoriam
919 3683 1244 3799 quamproxime.
1298 3681 1520 3796 Descripsrt
1551 3711 1651 3770 vero
1676 3685 1779 3798 digi-

207 3830 270 3895 tos
297 3840 369 3894 112
389 3837 462 3926 per
480 3809 822 3922 experimentum.
878 3807 1122 3896 Differentia
1141 3809 1198 3895 est
1217 3807 1458 3895 insensrbilis.

262 3933 420 4048 Exper.
452 3967 485 4037 3·
527 3936 656 4024 Globi
694 3957 775 4023 tres
810 3935 996 4050 aequales,
1037 3961 1215 4048 quorum
1249 3933 1433 4046 pondera
1465 3931 1626 4017 seorsim
1663 3955 1777 4018 erant

208 4085 280 4142 121
303 4089 423 4174 gran.
451 4063 495 4148 in
522 4087 615 4146 aere
644 4059 687 4144 dc
713 4089 731 4143 1
747 4089 863 4176 gran.
890 4062 932 4145 in
956 4087 1073 4173 aqua,
1102 4055 1321 4143 successrve
1356 4056 1705 4152 demittebantur,
1733 4055 1778 4138 dc

204 4183 408 4271 cadebant
427 4188 469 4269 in
497 4210 600 4298 aqua
625 4183 880 4296 temporibus
901 4181 1001 4293 46'',
1029 4180 1130 4292 47'',
1157 4179 1321 4288 &·50‘',
1350 4181 1623 4270 describentes
1644 4181 1778 4266 altitu·

205 4307 345 4397 dinem
372 4311 600 4422 digitorum
633 4337 716 4394 112.

260 4433 340 4520 Per
374 4435 574 4522 theoriam
606 4435 649 4520 hi
680 4433 792 4548 globi
822 4433 971 4522 cadere
1002 4433 1235 4522 debuerunt
1266 4452 1454 4544 ternpore
1485 4427 1777 4539 40'‘·circiter.

207 4553 336 4667 Quod
368 4560 521 4646 tardius
552 4559 818 4660 ceciderunt,
861 4581 1001 4648 utrum
1041 4562 1192 4647 minori
1239 4558 1498 4672 proportioni
1536 4557 1779 4661 resilientiae,

205 4705 297 4794 quae
317 4709 339 4765 a
359 4685 400 4767 vi
417 4685 575 4769 inertiae
593 4685 636 4769 in
655 4684 780 4770 tardis
799 4686 979 4771 motibus
1002 4686 1148 4785 oritur,
1175 4684 1227 4769 ad
1249 4681 1508 4767 restllentiam
1531 4707 1625 4794 quae
1645 4681 1777 4765 oritur

202 4809 256 4892 ab
286 4807 372 4894 aliis
402 4809 525 4896 causrs
554 4809 821 4898 tribuendum
858 4809 931 4910 s1t;
968 4838 1019 4896 an
1048 4811 1186 4926 potius
1221 4807 1381 4893 bullulis
1418 4805 1621 4893 nonnullis
1651 4803 1778 4914 globo

203 4934 519 5038 adhaerentibus,
545 4939 611 5024 vel
636 4933 893 5024 raresadlioni
920 4961 1029 5143 perae
1059 4936 1111 5022 ad
1139 4936 1318 5023 calorem
1345 4935 1411 5019 vel
1440 4927 1685 5043 tempestatis
1713 4928 1779 5011 vel

984 5085 1011 5169 y
1032 5086 1056 5138 2
1630 5077 1773 5140 manus
