4450 5674
923 141 1452 254 EDITORIS

412 309 601 416 gulorum
627 337 729 424 ergo
755 319 964 428 particulae
989 343 1165 432 quaeque
1192 318 1370 404 minimae
1386 315 1492 399 vires
1510 309 1594 398 suas
1614 309 1838 398 attrallivas
1857 309 1998 398 habe-:-

412 433 534 531 bunt‚
570 459 646 544 pro
666 445 891 551 quantitate
929 446 1109 528 materiae
1139 445 1359 553 pollentem
1398 437 1750 552 quemadmodum
1778 439 1895 550 supra
1921 439 1991 522 de

413 555 666 644 terrestribus
698 564 899 650 ostensum
927 565 995 650 est.
1051 565 1095 650 ln
1118 564 1283 649 diversis
1305 584 1442 647 autem
1462 559 1670 657 dillantiiS,
1696 583 1816 645 erunt
1838 561 1881 644 dc
1907 565 1980 646 ha·

413 701 505 762 rum
531 682 636 767 vires
660 686 702 771 in
729 688 933 800 duplicata
950 691 1108 775 ratione
1127 689 1401 774 distantiarum
1428 687 1659 796 reciproce:
1692 713 1785 770 nam
1817 714 1871 771 ex
1889 714 1979 798 par·

414 801 547 890 riculis
577 811 651 894 hac
681 812 770 924 lege
804 815 1054 900 trahentibus
1074 817 1270 926 componi
1292 814 1445 898 debere
1462 810 1608 918 globos
1626 811 1771 896 eadem
1789 813 1880 920 lege
1899 835 1979 900 tra·
2206 813 2207 816 ‘

416 924 572 1029 hentes,
598 936 884 1024 mathematice
906 937 1219 1024 demonstratur.

471 1053 759 1149 Concluliones
774 1065 1054 1176 praecedentes
1072 1065 1168 1148 huic
1185 1066 1414 1150 innituntur
1431 1062 1657 1158 axiomati,
1682 1064 1797 1175 quod
1818 1091 1839 1148 a
1861 1066 1981 1149 nullis

415 1203 499 1264 uon
513 1186 707 1297 recipitur
725 1190 994 1300 philosophia,
1017 1184 1237 1275 effeduum
1251 1190 1402 1274 scilicet
1416 1186 1595 1294 ejusdem
1616 1188 1787 1295 generis,
1800 1214 1979 1301 quorum
2206 1281 2207 1308 Ν

415 1327 564 1416 nempe
584 1336 676 1422 quae
691 1317 994 1426 cognoscuntur
1009 1317 1277 1428 proprietates
1298 1315 1456 1398 eaedem
1476 1313 1581 1410 sunt,
1608 1312 1766 1398 easdem
1782 1309 1860 1399 elle
1883 1343 1978 1402 cau·

413 1425 471 1510 las
499 1429 543 1512 &
568 1434 729 1520 easdem
761 1437 839 1523 else
871 1441 1139 1551 proprietates
1164 1463 1256 1552 quae
1284 1439 1470 1522 nondum
1500 1435 1814 1545 cognoscuntur.
1872 1440 1978 1551 Quis

414 1551 526 1634 enim
550 1552 723 1656 dubitat,
752 1559 972 1669 figravitas
995 1561 1040 1646 srt
1063 1558 1409 1646 causa-descensus
1437 1557 1579 1666 lapidis
1606 1561 1648 1643 in
1673 1557 1849 1668 Europa,
1879 1560 1980 1674 quin

415 1676 559 1763 eadem
578 1680 625 1764 fit
643 1685 762 1770 causa
777 1685 988 1772 delcenlus
1006 1687 1047 1772 in
1062 1684 1280 1768 America'?
1307 1682 1348 1770 Si
1368 1683 1540 1795 gravitas
1560 1699 1699 1768 mutua
1721 1683 1844 1770 fuerit
1871 1687 1978 1770 inter

412 1801 591 1912 lapidem
611 1806 654 1889 dc
668 1826 818 1894 terram
837 1814 879 1896 in
895 1811 1080 1922 Europa
1110 1809 1199 1921 quis
1218 1807 1381 1917 negabit
1404 1829 1587 1892 mutuam
1605 1803 1683 1892 elle
1704 1809 1745 1892 in
1765 1813 1981 1898 America?

414 1923 456 2008 Si
475 1927 535 2009 vis
557 1929 765 2017 attrabiiva
787 1934 929 2042 lapidis
961 1933 1004 2016 da
1025 1953 1143 2016 terrae
1161 1949 1456 2042 componatur,
1483 1932 1526 2014 in
1553 1930 1742 2039 Europa,
1757 1958 1812 2016 etr
1829 1933 1979 2018 viribus

413 2051 632 2136 attratlivis
651 2057 849 2163 partiutm
876 2059 966 2170 quis
980 2056 1143 2166 negabit
1164 2053 1332 2138 fimilem
1352 2051 1782 2162 ellecompolitionem
1802 2055 1845 2139 in
1865 2062 1980 2140 Ame.

415 2178 533 2264 rica?
558 2177 598 2263 Si
618 2181 805 2267 attractio
824 2201 943 2268 terrae
962 2181 1013 2266 ad
1043 2182 1179 2265 omnia
1205 2202 1427 2290 corporum
1448 2203 1597 2287 genera
1618 2177 1659 2261 tr
1679 2179 1730 2264 ad
1755 2207 1899 2266 omnes
1921 2181 1980 2268 di·
2206 2215 2207 2220 ¹

298 2391 300 2395 ,
414 2301 571 2388 ssantias
591 2329 840 2418 propagetur
858 2311 900 2392 in
924 2307 1108 2414 Europa,
1137 2305 1282 2418 quidni
1311 2304 1461 2414 pariter
1479 2305 1695 2413 propagari
1729 2303 1911 2391 dicamus
1938 2309 1980 2392 in

414 2427 634 2513 America?
671 2429 715 2514 ln
746 2435 820 2515 hac
853 2432 992 2542 regula
1019 2430 1216 2514 fundatur
1246 2428 1377 2512 omnis
1408 2427 1678 2538 philosophia:
1719 2431 1873 2542 quippe
1902 2459 1982 2544 qua
2204 2542 2205 2546 Ν

412 2551 564 2638 sublata
583 2555 682 2642 nihil
701 2553 905 2640 affirmare
924 2554 1117 2666 polfimus
1145 2554 1198 2640 de
1218 2551 1422 2639 universis.
1476 2552 1728 2638 Constitutio
1752 2581 1887 2641 rerum
1906 2559 1981 2644 lin·

412 2680 597 2786 gularum
616 2678 834 2765 innotescit
855 2704 927 2790 per
952 2679 1258 2764 observationes·
1281 2675 1324 2760 δε
1345 2678 1645 2786 experimenta:
1676 2679 1771 2763 inde
1785 2707 1980 2770 veronon

331 2882 334 2890 .
411 2801 486 2886 nist
507 2827 579 2912 per
605 2805 708 2888 hanc
729 2805 909 2913 regulam
932 2802 985 2887 de
1002 2829 1138 2886 rerum
1160 2800 1437 2886 universarum
1456 2820 1596 2886 natura
1612 2799 1852 2908 judicamus.
2206 2869 2207 2880 r

459 2925 552 3034 Jarn
571 2951 668 3012 cum
690 2929 825 3038 gravia
845 2927 920 3010 lint
948 2927 1084 3010 omnia
1102 2951 1291 3035 corpora,
1317 2948 1411 3036 quae
1429 2924 1535 3034 apud
1557 2945 1706 3009 terram
1724 2930 1789 3010 vel
1814 2929 1856 3015 in
1873 2933 1980 3022 caelis

410 3051 687 3164 reperiuntur,
706 3051 759 3135 de
774 3050 921 3162 quibus
935 3049 1216 3158 experimenta
1230 3048 1295 3132 vel
1307 3045 1608 3132 observationes
1636 3048 1844 3136 instituere
1858 3055 1985 3149 licere
2206 3077 2207 3154 r

411 3181 582 3276 omnino
598 3176 824 3266 dicendum
847 3177 939 3272 erit,
964 3175 1204 3286 gravitatem
1227 3171 1472 3282 corporibus
1502 3174 1695 3258 univerfis
1731 3201 1981 3288 competere.
2206 3159 2207 3220 l

357 3287 359 3294 ¹
410 3301 467 3390 Et
496 3304 850 3421 quemadmodum
876 3304 983 3389 nulla
1013 3299 1178 3410 concipi
1203 3297 1357 3386 debent
1380 3325 1569 3410 corpora,
1598 3325 1691 3414 quae
1711 3305 1891 3390 nonsrut
1912 3335 1981 3392 ex·
2206 3317 2207 3394 f

411 3435 535 3539 tensa,
570 3435 734 3520 mobilia
753 3432 797 3516 δι
814 3430 1157 3542 impenetrabiliaa
1184 3428 1240 3511 ita
1268 3428 1375 3512 nulla
1395 3427 1560 3536 concipi
1580 3425 1746 3526 debere,
1776 3454 1869 3541 quae
1896 3457 1983 3520 non

412 3554 487 3639 fint
515 3561 662 3664 gravia.
718 3559 953 3665 Corporum
977 3553 1180 3647 extensio,
1220 3553 1436 3649 mobilitas,
1464 3551 1507 3635 ἃ
1525 3554 1981 3661 impenetrabilitasnon

412 3676 485 3763 ulfi
517 3704 590 3791 per
624 3679 906 3790 experimenta
934 3673 1215 3760 innotescunt:
1253 3673 1403 3756 eodem
1426 3675 1544 3784 plane
1576 3674 1705 3759 modo
1731 3677 1904 3782 gravitas
1920 3682 1981 3764 iri·

412 3802 596 3890 notescit.
654 3803 842 3912 Corpora
868 3800 1005 3887 omnia
1024 3796 1243 3909 dequibus
1264 3797 1565 3884 observationes
1586 3799 1791 3893 habemus,
1817 3804 1980 3888 extensa

412 3928 503 4013 lunt
525 3925 568 4010 dt
598 3926 764 4012 mobilia
782 3923 825 4007 &
842 3921 1183 4032 impenetrabilia:
1214 3919 1256 4004 dr
1278 3921 1376 4008 iude
1397 3923 1683 4009 concludimus
1702 3949 1877 4034 corpora
1892 3928 1980 4010 unia

411 4053 536 4150 versa,
564 4054 687 4138 etiarn
705 4053 772 4136 illa
798 4048 851 4133 de
876 4047 1023 4160 quibus
1042 4043 1342 4132 observationes
1369 4073 1452 4133 non
1479 4049 1686 4144 habemus,
1714 4049 1878 4132 extensa
1900 4047 1980 4135 elle

414 4175 460 4262 δε
491 4175 727 4263 mobilia&
760 4171 1093 4284 impenetrabilia.
1157 4169 1214 4256 lta
1243 4197 1417 4282 corpora
1450 4173 1587 4258 omnia
1614 4173 1703 4256 sunt
1730 4172 1887 4281 gravia,
1926 4174 1980 4258 de

413 4305 559 4420 quibus
571 4303 869 4390 observationes
886 4303 1099 4386 babemus:
1131 4297 1174 4382 δι
1192 4299 1284 4384 inde
1297 4299 1582 4384 concludimus
1597 4324 1770 4409 corpora
1785 4298 1981 4404 universa,

357 4497 364 4506 a
413 4433 535 4517 etiam
554 4433 617 4514 illa
637 4432 689 4512 de
707 4429 853 4542 quibus
872 4427 1173 4513 observationes
1193 4452 1277 4510 non
1304 4425 1506 4520 habemus,
1537 4425 1672 4533 gravia
1692 4424 1782 4510 elle.
1835 4425 1875 4508 Si
1889 4426 1979 4536 quis

414 4558 524 4642 dicat
543 4581 716 4667 corpora
736 4553 934 4637 stellarum
953 4551 1219 4636 inerrantium
1238 4576 1322 4635 non
1343 4547 1422 4633 elle
1441 4553 1600 4660 gravia,
1638 4548 1978 4660 quandoquidem

413 4710 558 4772 eorum
587 4684 757 4796 gravitas
783 4677 970 4766 nondum
992 4679 1048 4765 est
1075 4677 1307 4775 observata3
1337 4679 1485 4764 eodem
1506 4695 1748 4789 argumento
1771 4675 1978 4760 dicereli·

1864 4799 1977 4884 cebit
