4336 5656
414 267 477 364 62
683 261 1212 369 PHILOSOPHIAE
1256 259 1713 368 NATURALIS

324 475 399 520 orn
472 443 600 530 Coral.
620 469 657 526 a.
685 439 936 528 Velocitates
956 463 1193 552 corporum,
1222 443 1266 530 io
1295 437 1481 526 maximis
1509 436 1553 528 δι
1579 437 1754 528 minimis
1775 436 1828 526 ab
1850 437 1992 526 umbi·

414 574 498 662 lico
515 568 727 658 communi
754 565 961 662 distantiis,
986 565 1143 654 suntin
1170 569 1329 658 tatione
1347 564 1570 678 eompolita
1586 589 1642 654 ex
1662 566 1821 656 rarione
1839 563 1997 652 dillan·
2156 599 2160 691 l

413 701 563 790 riarum
592 694 763 792 inverse,
785 691 828 778 δι
852 690 1134 804 subduplicata
1160 697 1320 782 ratione
1351 695 1522 782 laterum
1549 691 1756 782 reflorum
1784 691 1996 806 principa·
2156 702 2163 799 l

417 826 517 914 lium
551 820 718 912 diretie.
774 818 880 904 Nam
901 816 1192 930 perpendicula
1205 819 1287 930 jam
1316 819 1405 910 lunt
1425 821 1519 932 iplae
1547 819 1756 910 distantia.

474 948 601 1037 Corol.
630 973 663 1046 3·
703 943 886 1056 Ideoque
918 943 1110 1034 uelocitas
1149 947 1192 1034 in
1228 947 1371 1034 conica
1407 944 1600 1046 tertioue.
1635 947 1681 1036 iu
1715 949 1890 1036 maxima
1919 943 1995 1030 vel

416 1075 583 1162 minima
609 1073 659 1158 ab
688 1071 885 1155 umbilico
905 1069 1103 1167 distantia,
1139 1069 1197 1160 etl
1233 1071 1285 1156 ad
1310 1071 1571 1162 velocitatem
1596 1073 1641 1158 in
1665 1071 1822 1158 circulo
1853 1071 1898 1156 in
1921 1095 1994 1156 ea·
2156 1118 2162 1187 l

420 1201 518 1296 dem
545 1227 568 1286 a
595 1220 740 1286 centro
766 1195 948 1284 distantia
983 1197 1026 1282 ia
1055 1195 1330 1309 subduplicata
1356 1197 1517 1286 tatione
1548 1196 1683 1288 lateris
1712 1197 1813 1286 retii
1836 1195 1991 1309 princi·

415 1325 515 1440 palis
533 1325 586 1416 ad
603 1324 771 1444 duplam
790 1321 898 1410 illam
922 1318 1157 1409 distantiam.

473 1455 598 1542 Corol.
620 1483 657 1558 4.
696 1450 933 1560 Corporum
958 1447 999 1532 in
1027 1447 1225 1560 ellipfibus
1245 1451 1476 1562 gyrantium
1495 1450 1734 1536 velocitates
1757 1447 1800 1532 in
1827 1445 1988 1533 medio·

418 1581 552 1666 eribus
579 1577 778 1667 distantiis
800 1575 851 1662 ab
877 1575 1071 1662 umbilico
1096 1579 1305 1665 communi
1332 1578 1421 1664 sunt
1448 1579 1625 1678 eudem,
1650 1601 1745 1692 quae
1764 1599 1989 1690 corporum
2154 1652 2159 1663 .

419 1702 649 1814 gyrantium
680 1700 723 1784 in
749 1699 911 1783 circulis
942 1696 994 1783 ad
1023 1696 1183 1784 easdem
1215 1699 1450 1800 distantiae
1487 1706 1567 1789 hoc
1592 1701 1649 1788 est
1675 1701 1775 1812 (per
1801 1699 1928 1783 corol.
1948 1702 1988 1782 6.

415 1839 533 1926 prop.
563 1819 642 1920 tv.)
678 1809 896 1919 reciproce
929 1807 972 1892 in
1011 1805 1287 1926 subduplicata
1321 1811 1479 1898 ratione
1513 1809 1802 1898 distantiarum.
1878 1805 1988 1892 Nam

416 1934 707 2054 perpendicula
742 1931 824 2040 jam
869 1931 959 2018 sunt
991 1931 1200 2020 semi-axes
1239 1935 1452 2034 minores,
1494 1933 1539 2021 &
1570 1935 1612 2021 bi
1644 1931 1734 2020 sunt
1762 1951 1809 2016 ut
1838 1930 1989 2016 mediae

419 2058 749 2170 proportionales
790 2055 896 2140 inter
937 2054 1140 2142 distantias
1168 2055 1212 2140 δι
1248 2058 1373 2144 latera
1403 2057 1520 2144 retia.
1577 2058 1862 2168 Componatur
1894 2057 1988 2140 lraec

420 2185 529 2270 ratio
548 2185 705 2278 intense
730 2209 828 2270 cum
844 2179 1120 2292 subduplicara
1138 2181 1297 2268 ratione
1315 2183 1488 2268 laterum
1513 2181 1722 2272 cestorum
1747 2181 1917 2281 mette,
1943 2178 1989 2264 δι

420 2311 491 2405 fier
510 2313 616 2407 ratio
631 2311 910 2424 subduplicata
925 2306 1201 2396 distantiarum
1218 2307 1386 2394 inverse.

477 2439 602 2528 Corol.
626 2466 661 2542 5.
694 2437 743 2526 Iu
766 2437 911 2529 eadem
939 2433 1092 2546 figura,
1124 2439 1189 2526 vel
1219 2433 1341 2522 etiam
1372 2434 1416 2521 in
1443 2433 1580 2548 liguris
1607 2436 1786 2536 diverfir,
1814 2461 1988 2552 quarum

420 2566 544 2679 latera
565 2563 674 2651 retia
701 2563 936 2677 principalia
950 2561 1041 2648 sunt
1063 2563 1245 2676 aequalia,
1271 2561 1465 2647 velocitas
1493 2565 1678 2677 corporis
1697 2563 1758 2650 eli
1772 2565 1987 2678 reciproce

421 2712 468 2778 ut
497 2687 836 2805 perpendiculum
857 2679 1069 2772 demissum
1096 2687 1145 2772 ab
1161 2685 1357 2770 umbilico
1377 2685 1428 2770 ad
1450 2706 1698 2796 tangentem.

478 2819 600 2906 Corol.
619 2824 657 2901 6.
692 2813 739 2900 In
762 2815 949 2927 parabola
986 2811 1184 2904 velocitas
1214 2813 1272 2899 est
1300 2811 1515 2924 reciproce
1551 2812 1598 2902 in
1621 2811 1899 2926 subduplicata
1926 2839 1988 2898 ra·

427 2943 540 3029 tione
562 2941 760 3027 distantioe
780 2941 965 3049 corporis
995 2935 1046 3020 ab
1070 2937 1268 3024 umbilico
1293 2937 1461 3052 figurae3
1498 2939 1540 3024 in
1569 2939 1697 3053 ellipfi
1720 2938 1848 3051 magis
1864 2941 1988 3030 uria

422 3089 504 3171 tur,
530 3071 572 3156 in
591 3065 810 3184 hyperbole
839 3067 970 3151 minus
997 3093 1120 3183 quarn
1151 3064 1193 3150 in
1222 3067 1296 3154 hac
1326 3065 1495 3154 ratione.
1550 3065 1656 3158 Natu
1677 3065 1771 3185 (per
1797 3071 1928 3158 torol.
1950 3098 1991 3150 2.

423 3201 517 3286 lem.
535 3205 647 3308 xtv.)
673 3192 1007 3308 perpendiculum
1035 3189 1249 3281 demilsum
1277 3195 1332 3278 ab
1350 3193 1547 3280 umbilico
1575 3192 1627 3279 ad
1658 3211 1892 3306 tangentem
1921 3221 1991 3306 pa·

422 3325 574 3413 rabolae
593 3323 650 3413 est
670 3326 713 3412 iu
740 3322 1015 3432 subduplicata
1042 3321 1203 3407 ratione
1228 3317 1435 3408 distentio.
1492 3317 1539 3406 ln
1569 3323 1794 3436 hyperbole
1816 3345 1992 3434 perpen-

424 3453 606 3540 diculum
636 3452 767 3538 minus
787 3449 974 3547 variatur,
1003 3450 1045 3536 in
1062 3445 1344 3564 ellipsamagis.
2165 3479 2166 3488 Ν

480 3580 603 3662 Corol.
623 3606 658 3680 7.
694 3576 738 3661 ln
765 3577 951 3687 parabola
980 3577 1172 3667 velocitas
1210 3573 1398 3692 corporis
1423 3572 1476 3662 ad
1503 3575 1686 3693 quamvis
1715 3575 1766 3664 ab
1794 3576 1993 3666 umbilico

424 3702 651 3792 distantiam
696 3699 842 3784 estad
886 3701 1150 3792 velocitatem
1182 3701 1366 3812 corporis
1400 3703 1649 3790 revolventis
1679 3703 1721 3793 in
1750 3703 1911 3790 circulo
1939 3702 1993 3790 ad

425 3831 599 3918 eandem
627 3855 649 3912 a
676 3847 821 3911 centro
842 3825 1068 3913 distantiam
1104 3831 1148 3918 in
1177 3827 1454 3938 subduplicata
1479 3831 1637 3920 ratione
1665 3830 1826 3920 numeri
1849 3831 1991 3918 binarii

426 3959 478 4044 ad
503 3956 726 4051 unitatem
757 3953 798 4038 in
828 3952 950 4065 ellipsr
974 3954 1107 4040 minor
1131 3953 1201 4052 est,
1227 3955 1273 4041 in
1299 3953 1520 4066 hyperbola
1550 3965 1677 4062 major
1692 3981 1823 4070 quam
1848 3955 1891 4039 in
1917 3958 1989 4041 bae
2162 3945 2163 4004 l

424 4085 593 4172 ratione.
647 4080 753 4165 Nam
786 4105 858 4192 per
898 4080 1013 4190 hujus
1046 4081 1306 4170 corollarium
1341 4080 1568 4167 secundum
1601 4084 1796 4170 velocitas
1829 4085 1873 4168 in
1903 4109 1990 4168 ver-

426 4215 508 4310 tice
546 4209 746 4325 parabole
781 4207 838 4292 est
870 4209 917 4300 iu
941 4209 1016 4297 hac
1045 4211 1217 4306 ratione,
1252 4206 1296 4297 &
1322 4233 1395 4325 per
1426 4211 1639 4298 corollaria
1669 4212 1781 4300 sexta
1806 4209 1991 4319 hujus&

428 4335 713 4450 propofitionis
739 4356 894 4453 quartae
932 4332 1109 4426 servatur
1137 4335 1278 4426 eadem
1306 4333 1525 4450 proportio
1556 4335 1600 4422 in
1630 4337 1820 4428 omuibus
1847 4336 1990 4424 disten

425 4463 503 4547 tiis.
558 4459 672 4546 Hinc
692 4463 814 4546 etiam
834 4461 874 4544 in
901 4461 1088 4572 parabola
1112 4462 1306 4548 velocitas
1332 4465 1482 4580 ubique
1512 4466 1678 4575 aequalis
1701 4464 1761 4558 eli
1786 4463 1990 4550 velocitati

425 4589 612 4702 corporis
649 4587 893 4674 revolventis
926 4587 968 4676 in
1000 4589 1155 4680 citctuo
1186 4587 1241 4680 ad
1270 4587 1482 4680 dimidiam
1513 4587 1753 4689 distantiam,
1791 4588 1834 4679 in
1868 4587 1991 4701 ellipli

423 4717 559 4802 minor
580 4715 650 4812 est,
677 4715 717 4798 in
740 4711 961 4828 hyperbola
981 4715 1119 4824 maior.
1982 4787 1987 4796 .

476 4843 598 4926 Corol.
618 4841 653 4926 8.
695 4838 905 4926 Velocitas
933 4843 1111 4950 gyrantis
1136 4841 1178 4927 in
1206 4835 1384 4926 serlione
1413 4845 1556 4953 quavis
1580 4843 1728 4928 conica
1769 4841 1826 4926 eli
1846 4841 1899 4930 ad
1922 4869 1994 4932 ve-

417 4966 626 5054 locitatem
653 4961 830 5076 gyrantis
857 4962 900 5051 in
931 4963 1087 5051 circulo
1117 4965 1159 5053 in
1191 4963 1375 5052 distantia
1409 4964 1572 5052 dimidii
1596 4967 1730 5054 lateris
1757 4957 1863 5054 reati·
1884 4968 1994 5076 prin·
2161 5027 2162 5078 p

1855 5093 1992 5202 cipalis
