4450 5674
733 249 1259 354 PHILOSOPHIAE
1304 251 1755 358 NATURALlS

1072 565 1267 662 Lux
1339 569 1411 666 111.
1506 547 1533 684 ’,

470 763 647 868 Aeliani
669 767 935 868 contrariam
954 771 1134 904 semper
1160 765 1222 872 &²
1250 768 1467 902 aqualem
1501 768 1586 900 sse
1609 769 1873 874 readimem
1892 812 1907 872 :
1927 778 2050 912 stete
2188 769 2189 788 ³

501 1018 506 1026 .
538 953 763 1062 corporum
791 925 972 1022 duarum
995 921 1183 1022 allieurs
1204 924 1251 1021 in
1272 932 1325 1046 se
1351 952 1497 1023 matera
1516 932 1696 1066 semper
1730 929 1817 1061 effe-
1840 937 2044 1065 equales

537 1075 599 1182 &⁹
623 1079 670 1178 ia
688 1106 842 1215 partes
868 1077 1115 1178 contrarias
1144 1077 1288 1214 dirigi.

519 1320 730 1433 Quicquid
763 1321 913 1433 premit
942 1319 1006 1404 vel
1039 1319 1158 1404 trabit
1187 1322 1374 1418 alterum,
1401 1321 1641 1408 tantundem
1667 1323 1717 1409 ab
1744 1351 1797 1411 eo
1828 1331 2039 1438 premitur

465 1444 529 1527 vel
563 1446 745 1530 trahitur.
810 1447 851 1528 Si
892 1445 984 1556 quis
1025 1443 1200 1556 lapidem
1236 1444 1369 1550 digito
1396 1448 1558 1555 premit,
1597 1450 1872 1556 premitur&
1911 1453 2038 1561 hujus

467 1568 618 1678 digitus
641 1596 663 1652 a
690 1570 832 1680 lapide.
889 1571 931 1654 Si
967 1592 1094 1680 equus
1124 1567 1299 1678 lapidem
1330 1569 1417 1652 funi
1445 1571 1646 1680 alligatum
1679 1575 1815 1674 trabit,
1852 1581 2035 1664 retrahe-

466 1711 533 1775 tur
552 1693 674 1777 etiam
694 1693 735 1776 de
763 1721 890 1808 equus
919 1697 982 1802 (ut
1013 1695 1067 1777 ita
1093 1693 1246 1802 dicam)
1275 1695 1481 1806 aequaliter
1503 1696 1545 1780 in
1565 1697 1766 1806 lapidem:
1805 1728 1896 1787 nam
1922 1703 2035 1793 funis
2189 1755 2190 1762 Ν

465 1817 657 1932 utrinque
691 1818 885 1903 dillentus
917 1816 1068 1900 eodem
1095 1816 1299 1902 relaxandi
1325 1817 1365 1904 se
1393 1838 1541 1905 conatu
1564 1821 1725 1930 urgebit
1756 1851 1908 1939 equum
1938 1857 2035 1916 ver-

464 1945 526 2032 sus
552 1942 743 2052 lapidem,
778 1970 825 2027 ac
854 1942 1031 2052 lapidem
1055 1938 1189 2024 versus
1216 1967 1395 2055 equum;
1433 1961 1675 2056 tantumque
1706 1948 1904 2060 impediet
1932 1979 2030 2064 pro
2190 1934 2191 1950 ἶ

466 2071 640 2184 grellum
669 2071 785 2156 unius
815 2089 1011 2182 quantum
1039 2088 1255 2177 promovet
1284 2063 1536 2178 progressum
1565 2072 1737 2156 alterius.
1804 2073 1845 2160 Si
1877 2103 2032 2190 corpus

465 2199 631 2311 aliquod
660 2199 700 2282 in
728 2223 875 2308 corpus
908 2195 1015 2280 aliud
1041 2195 1277 2304 impingens,
1318 2215 1478 2279 motum
1509 2196 1593 2304 ejus
1622 2199 1662 2282 vi
1694 2197 1759 2282 sua
1791 2207 2029 2313 quomodo-

464 2343 627 2435 cunque
655 2321 884 2416 mutaverit,
919 2319 1029 2403 idem
1060 2343 1227 2430 quoque
1258 2314 1427 2401 vicillrm
1457 2319 1499 2401 in
1527 2341 1640 2402 motu
1662 2323 1828 2431 proprio
1853 2329 2028 2415 eandem

461 2449 730 2532 mutationem
758 2447 799 2531 in
826 2466 983 2556 partem
1003 2445 1247 2528 contrariam
1275 2443 1314 2524 vi
1341 2443 1502 2528 alterius
1527 2445 1601 2551 (ob
1628 2449 1898 2560 aequalimtem
1918 2455 2029 2562 pres.

460 2573 581 2660 lionis
613 2576 795 2680 mutum)
831 2569 990 2654 subibit.
1059 2566 1141 2652 His
1171 2567 1393 2652 aelionibus
1428 2571 1601 2680 aequales
1631 2571 1733 2656 fiunt
1764 2577 2027 2698 mutationes,

460 2729 556 2790 non·
572 2701 848 2797 velocitatem,
883 2695 953 2782 sed
985 2717 1203 2790 motuumr
1239 2694 1392 2780 scilicet
1413 2692 1456 2779 in
1483 2697 1722 2806 corporibus
1749 2727 1832 2785 non
1859 2704 2024 2792 aliunde

457 2825 680 2936 impeditis.
734 2821 988 2915 Mutationes
1015 2822 1124 2906 enim
1154 2819 1429 2915 velocitatum,
1456 2819 1497 2903 in
1515 2825 1735 2906 contrarias
1761 2825 1905 2910 iridem
1935 2853 2025 2940 par-

460 2971 522 3036 tes
547 2947 679 3046 faeta,
723 2949 817 3059 quia
848 2969 983 3032 motus
1015 2947 1217 3060 aequaliter
1247 2965 1466 3042 mutantur,
1508 2945 1599 3031 sunt
1634 2949 1873 3059 corporibus
1920 2955 2025 3039 reci·

459 3104 587 3191 proce
618 3075 952 3188 proportionales.
1008 3073 1180 3158 Obtinet
1204 3080 1326 3158 etiam
1350 3073 1438 3156 haec
1468 3073 1604 3157 lexin
1635 3073 1951 3178 attradionibus,
1975 3103 2023 3166 ut

459 3206 504 3294 in
521 3203 676 3288 scholio
696 3200 886 3314 proximo
905 3199 1154 3312 probabitur.

849 3455 1520 3552 COROLLARIUM
1592 3459 1624 3551 1.

461 3651 623 3786 Carpus
659 3641 825 3744 viribus
858 3639 1091 3774 carjaallr's
1123 3636 1398 3774 diagonalem
1426 3641 1842 3780 parallelogrammi
1876 3643 2022 3742 eadem

724 3827 916 3937 tempere
941 3793 1191 3921 describere,
1232 3832 1315 3930 qua
1341 3793 1486 3894 latera
1506 3802 1745 3938 separatis.

511 4065 554 4154 si
590 4089 737 4176 corpus
768 4059 865 4144 dato
906 4079 1106 4169 tempore,
1144 4059 1184 4141 vi
1213 4057 1293 4141 sola
1337 4055 1391 4138 Μ
1451 4133 1483 4198 Α
1920 4133 1948 4199 B

457 4191 501 4278 in
535 4195 629 4278 loco
661 4191 707 4272 A
733 4181 938 4297 imprella,
983 4184 1157 4270 ferretur
1189 4179 1383 4265 uniformi
1494 4199 1497 4204 ·
2106 4275 2109 4282 ⁴

458 4343 554 4406 cum
581 4335 698 4401 motu
730 4313 780 4396 ab
804 4313 849 4392 A
872 4311 922 4392 ad
947 4307 1010 4404 Β;
1043 4307 1086 4391 de
1113 4309 1153 4391 vi
1177 4305 1328 4390 solaN
1342 4307 1383 4390 in

458 4431 930 4545 eodemlocoimprella‚
951 4431 1125 4516 ferretur
1144 4429 1383 4518 abAadC:
1979 4439 1983 4446 ’

459 4566 711 4680 compleatur
755 4561 1168 4672 parallelogrammum
1204 4551 1386 4646 ABDC,
1551 4639 1962 4663 „mm

460 4695 560 4784 &vi
578 4715 748 4804 utraque
769 4688 923 4776 feretur
943 4711 1089 4796 corpus
1117 4681 1214 4766 illud
1234 4681 1384 4765 eodem
1516 4647 1541 4706 C
1975 4671 2006 4730 D

459 4847 645 4932 tempore
664 4821 704 4906 in
725 4812 924 4922 diagonali
944 4810 992 4894 ab
1019 4812 1066 4891 A
1081 4809 1130 4892 ad
1156 4810 1218 4893 D.
1274 4807 1378 4890 Nam
1399 4807 1591 4922 quoniam
1612 4805 1670 4890 vis
1701 4803 1755 4888 N
1773 4807 1854 4916 agit
1881 4803 2021 4888 secun-

459 4952 557 5040 dum
588 4952 734 5037 lineam
766 4941 844 5027 AC
871 4937 943 5050 iplr
975 4937 1065 5020 Bu)
1090 4935 1330 5046 parallelum,
1370 4933 1456 5018 haec
1487 4933 1545 5017 vis
1574 4958 1648 5044 per
1678 4933 1810 5044 legem
1846 4931 2021 5143 bingii:
