4352 5646
451 263 848 364 PRINCIPIA
891 252 1478 358 MATHEMATICA.
1572 335 1574 340 .
1649 287 1743 386 393

557 569 1238 673 PHAENOMENON
1310 567 1395 667 lV.

185 765 483 866 Plaueturum
517 761 714 898 quinque
736 758 1077 896 primariorum,
1115 754 1175 860 ἔθ’
1208 753 1285 852 vel
1293 754 1397 876 stolis
1430 751 1550 849 circa
1584 777 1754 850 terrum

254 921 330 1020 uel
359 949 489 1018 terra
516 920 635 1016 circu
658 917 796 1037 solem
831 943 1031 1047 tempora
1047 908 1294 1052 periodica,
1322 909 1461 1041 stellis
1480 906 1596 1037 fixis
1626 911 1752 1042 quie·

243 1073 476 1201 fientibus,
514 1075 598 1209 ff
622 1070 862 1170 iuratione
876 1067 1195 1206 sesquiplicatu
1215 1065 1495 1166 mediocrium
1521 1065 1753 1200 distantia-

256 1269 357 1332 rum
379 1265 409 1326 a
418 1225 525 1350 sole.

242 1443 351 1530 Haec
371 1473 393 1528 a
414 1445 588 1554 Krploro
606 1441 772 1525 inventa
793 1441 898 1524 ratio
921 1441 962 1525 in
985 1436 1167 1526 confesso
1187 1438 1243 1523 ell
1260 1439 1369 1550 apud
1391 1465 1543 1525 omnes
1597 1436 1756 1524 Eadem

185 1571 329 1683 utique
359 1569 447 1655 sunt
468 1587 654 1678 tempora
675 1561 901 1674 periodica,
933 1563 1174 1678 eaedemque
1192 1564 1355 1648 orbium
1376 1562 1660 1663 dimensiones,
1680 1564 1759 1647 ssve

185 1695 241 1783 sol
265 1697 374 1780 circa
405 1716 572 1790 terram,
601 1691 807 1776 sineterra
829 1691 937 1774 circa
965 1687 1089 1775 solem
1113 1692 1358 1775 revolvatur.
1416 1697 1477 1775 Ac
1499 1691 1553 1774 de
1572 1690 1758 1774 mensura

1805 431 1930 490 Lrnen

1766 509 1967 571 Taurios.

183 1823 355 1938 quidem
377 1839 612 1932 temporum
640 1813 949 1927 periodicorunr
982 1814 1175 1901 convenit
1197 1816 1303 1899 inter
1323 1813 1575 1899 astronomos
1594 1815 1757 1899 univer·
1860 1913 1876 1926 f

185 1949 259 2033 sos.
313 1943 619 2055 Magnitudines
645 1959 779 2024 autem
811 1939 973 2022 orbium
1011 1937 1211 2050 Keplerus
1238 1935 1281 2022 ἃ
1309 1937 1545 2022 Bulliuldrs
1570 1939 1755 2022 omniurn

186 2067 489 2180 diligentissime
512 2091 565 2151 ex
588 2062 935 2149 observationibus
957 2062 1356 2148 determinaverunt:
1387 2061 1430 2145 dc
1456 2061 1652 2148 distantiae
1673 2089 1757 2146 rne-

187 2197 368 2288 diocres,
395 2217 489 2305 quae
515 2188 765 2299 temporibus
781 2187 1006 2299 periodicis
1025 2188 1288 2297 respondent,
1317 2214 1400 2273 non
1422 2185 1618 2272 differunt
1638 2187 1756 2270 senli-

188 2321 322 2406 biliter
342 2346 364 2400 a
384 2315 579 2400 distantiis
596 2339 699 2426 quas
729 2312 786 2396 illi
805 2315 1062 2409 invenerunt,
1090 2310 1263 2424 suntque
1290 2313 1398 2396 inter
1425 2310 1524 2424 ipsas
1556 2331 1602 2398 ut
1633 2312 1756 2424 pluri·

187 2471 301 2532 mum
322 2439 604 2534 intermediae;
633 2438 694 2520 uti
714 2435 756 2520 in
780 2435 912 2521 tabula
932 2435 1128 2547 sequente
1147 2436 1288 2520 videte
1309 2435 1416 2520 licet.

187 2699 486 2798 Plauetarum
510 2729 562 2790 ac
586 2690 753 2790 telluris
776 2719 977 2829 tempora
993 2693 1223 2829 periodica
1246 2691 1365 2789 circa
1385 2691 1524 2813 stolum
1559 2687 1755 2835 respodeo

353 2849 580 2983 fixurum,
605 2844 652 2943 iu
676 2843 822 2945 diebus
854 2843 916 2951 &⁹
936 2845 1143 2986 portibus
1165 2844 1445 2946 decimalibus
1475 2847 1577 2950 diei.

308 3110 495 3278 moriare·
557 3101 724 3274 saisn·
789 3105 957 3272 ⁶8⁶2i785·
1022 3103 1189 3274 sosius-
1253 3100 1419 3269 224i6176·
1483 3103 1627 3273 ssim.

347 3401 646 3501 Planetarum
667 3433 721 3494 ac
743 3394 911 3496 telluris
933 3393 1148 3524 distantia
1179 3397 1411 3498 mediocres
1447 3436 1478 3495 a
1488 3396 1597 3520 sole.

209 3725 391 3798 Secundum
410 3722 573 3870 Keplerum
753 3641 890 3806 9513'00.
932 3637 1066 3806 5roil50.
1110 3639 1243 3810 1523650.
1287 3639 1420 3792 rooioo.
1463 3637 1577 3810 72i00.
1619 3639 1734 3814 388iss

208 3813 389 3879 Secundum
405 3807 589 3871 Bulraldum
751 3807 886 3893 954198.
932 3825 1065 3888 522520.
1113 3829 1244 3893 152350.
1289 3829 1421 3875 100000.
1466 3809 1578 3894 72398.
1622 3812 1736 3897 38585.

210 3895 391 3961 Secundum
406 3909 548 3973 temporo
562 3893 719 3974 periodica
752 3894 887 3977 954co6.
934 3897 1067 3974 520096.
1113 3897 1244 3979 152369.
1290 3913 1423 3959 100000.
1467 3911 1579 3979 72333.
1623 3893 1735 3980 38710.

170 4079 177 4092 “
243 4081 311 4170 De
339 4079 533 4168 distantiis
553 4081 745 4164 mercurii
772 4081 815 4163 &
844 4081 1045 4166 venerisa
1072 4082 1154 4168 sole
1173 4083 1403 4194 disputandi
1433 4107 1516 4170 non
1544 4084 1602 4168 est
1625 4087 1754 4185 locus,

187 4237 284 4303 cum
304 4210 367 4293 hae
393 4231 466 4318 per
496 4229 640 4288 eorum
668 4205 988 4314 elongationesa
1015 4205 1098 4290 sole
1127 4207 1462 4294 determinentur.
1518 4206 1585 4290 De
1609 4208 1755 4297 distan-

189 4342 254 4428 tiis
283 4335 404 4418 etiam
434 4329 690 4441 superiorum
721 4332 971 4440 planetarum
1008 4358 1030 4414 a
1063 4330 1146 4416 sole
1182 4334 1336 4418 tollitur
1364 4333 1496 4417 omnis
1534 4333 1754 4446 disputatio

190 4489 262 4576 per
295 4455 460 4567 eclipses
486 4455 698 4543 satellitum
725 4455 846 4564 jovis.
903 4454 1070 4541 Etenim
1097 4483 1171 4568 per
1198 4456 1361 4569 eclipses
1394 4457 1476 4544 illas
1512 4459 1755 4546 determina·

191 4605 257 4670 tur
278 4580 422 4692 positio
450 4583 605 4666 umbrae
632 4610 754 4697 quam
773 4583 927 4694 jupiter
958 4581 1136 4693 projicit,
1165 4581 1207 4666 ἃ
1237 4581 1477 4668 eonomine
1504 4584 1674 4670 habetur
1689 4583 1755 4690 jo-

191 4709 251 4794 vis
276 4705 493 4814 longitudo
521 4708 823 4794 heliocentrica.
880 4705 947 4792 Ex
977 4705 1299 4818 longitudinibus
1333 4728 1470 4792 autem
1499 4706 1754 4792 heliocentri·

190 4856 239 4917 ca
258 4828 301 4915 δι
320 4829 580 4938 geocentrica
604 4830 712 4919 inter
739 4830 779 4916 se
806 4830 960 4916 collatis
989 4831 1285 4918 determinatur
1310 4829 1493 4918 distantia
1512 4829 1629 4939 jovis.

921 5071 1048 5162 Eee
1582 5075 1755 5166 PHAE-
