4338 5656
479 293 579 414 462
736 289 1269 391 virtuosorum
1314 291 1769 392 urrunnun

269 455 459 598 &³2:222
484 457 609 568 cllipli
632 459 788 544 circum
808 478 975 550 terram,
998 457 1041 542 in
1057 454 1141 565 ejus
1158 456 1355 544 umbilico
1372 455 1567 544 inferiore
1587 460 1862 558 constitutam,
1890 461 2062 548 revolvi

473 581 635 692 primus
653 581 799 664 statuit.
854 579 1045 662 Halleirrs
1063 601 1253 664 centrum
1275 579 1456 691 ellipseos
1478 581 1519 664 in
1539 584 1723 694 epicyclo
1741 585 1908 682 locavit,
1937 587 2060 695 cujus

471 726 669 790 centrum
692 703 951 788 uniformiter
973 702 1197 788 revolvitur
1217 703 1374 788 circum
1395 725 1556 792 terram.
1612 703 1667 788 Et
1690 734 1739 790 ex
1758 731 1877 793 motu
1899 711 1944 794 in
1965 715 2059 822 epi-

469 829 599 938 cyclo
618 829 806 913 oriuntur
825 825 1116 938 inaequalitates
1137 823 1219 932 jam
1247 823 1366 908 dittae
1386 828 1428 912 in
1453 827 1661 936 progrcilu
1684 829 1728 912 dc
1752 831 1936 940 regrellu
1957 863 2055 946 rpo-

470 953 559 1059 gaei
588 949 631 1034 oc
655 953 881 1063 quantitate
906 949 1231 1034 eccentricitatis.
1284 947 1429 1036 Dividi
1451 953 1696 1059 intelligatur
1712 953 1897 1040 distantia
1919 960 2055 1042 medi·

474 1077 589 1160 ocris
609 1076 713 1159 lunae
739 1101 760 1158 u
789 1073 961 1158 terrain
986 1089 1119 1181 partes
1142 1098 1316 1168 rooooo,
1344 1072 1387 1158 dr
1414 1075 1625 1161 referatT
1639 1097 1790 1160 terram
1811 1077 1856 1161 dt
1875 1083 1960 1164 TC
1981 1109 2051 1166 ec.

475 1199 781 1284 ²contricitrtem
802 1197 1063 1281 mediocrem
1090 1195 1195 1280 lunae
1224 1197 1399 1305 partium
1430 1223 1544 1300 5505.
1601 1196 1860 1286 Producatur
1888 1204 1978 1288 TC
1999 1209 2047 1290 ad

480 1325 535 1420 B,
563 1343 609 1408 ut
628 1322 673 1406 fit
696 1321 769 1408 CB
788 1319 890 1404 finus
904 1315 1151 1430 -aequationis
1173 1317 1361 1402 maximae
1384 1316 1582 1404 semestris
1610 1337 1693 1403 12⁸¹·
1721 1322 1784 1404 18‘
1808 1325 1860 1407 ad
1882 1327 2047 1412 radium

478 1449 560 1545 uc,
588 1445 631 1530 oc
654 1445 828 1530 circulus
849 1441 998 1526 BDA
1012 1458 1159 1527 centro
1179 1441 1224 1538 C,
1251 1441 1464 1526 intervallo
1487 1441 1579 1527 CB
1605 1441 1828 1557 descriptus
1857 1449 1942 1534 erit
1963 1456 2045 1562 epi.

468 1570 614 1680 cyclus
638 1569 704 1652 ille
727 1569 768 1654 in
796 1593 881 1680 quo
902 1585 1091 1650 centrum
1117 1563 1226 1648 orbis
1255 1564 1401 1648 lunaris
1430 1565 1588 1649 locatur
1614 1565 1657 1647 δι
1679 1564 1907 1656 secundum
1932 1577 2044 1660 ordi-

470 1719 573 1778 nem
596 1697 801 1780 literarum
829 1691 976 1777 B⁴DA
998 1689 1234 1774 revolvitur.
1290 1683 1485 1796 Capiatur
1515 1689 1682 1796 angulus
1712 1689 1855 1774 BCU
1879 1701 2044 1808 aequalis

468 1815 605 1924 duplo
630 1834 872 1927 argumento
896 1837 1045 1908 annuo,
1072 1809 1141 1893 seu
1167 1807 1301 1918 duplae
1324 1805 1521 1892 dilitntiae
1546 1810 1633 1893 veri
1655 1813 1737 1896 loci
1763 1815 1854 1899 solis
1875 1821 1928 1902 ab
1949 1847 2043 1930 apo

467 1961 566 2052 gaeo
586 1942 691 2028 lunae
714 1939 837 2024 semel
860 1955 1036 2048 aequato,
1064 1931 1107 2016 dc
1130 1932 1209 2016 erit
1234 1927 1368 2016 CTD
1390 1932 1568 2042 equatio
1584 1930 1779 2022 semestris
1799 1946 1964 2054 apogaei
1983 1952 2041 2033 lu·

467 3085 537 3144 mae
557 3059 603 3146 dt
627 3060 670 3146 T
669 3061 721 3146 D
745 3064 1026 3149 eccentricitas
1059 3065 1170 3151 orbis
1200 3067 1285 3174 ejus
1310 3065 1355 3151 in
1383 3085 1598 3175 upogaeum
1623 3056 1805 3144 secundo
1829 3068 2034 3164 aequatum

466 3184 658 3270 tendens.
713 3183 878 3270 Habitis
897 3207 1033 3272 autem
1053 3189 1158 3272 lunae
1178 3209 1294 3274 motu
1314 3187 1454 3272 medio
1473 3185 1517 3269 δι
1536 3207 1707 3298 apogaeo
1731 3180 1775 3264 dc
1796 3175 2035 3262 eccentrici·

467 3327 571 3405 tate,
596 3327 643 3392 ut
661 3307 706 3392 dc
724 3309 834 3393 orbis
857 3337 933 3394 axe
961 3309 1112 3416 majore
1139 3311 1317 3421 partium
1345 3335 1534 3406 200000;
1564 3333 1618 3392 ex
1638 3307 1699 3390 his
1724 3321 1888 3388 eruetur
1910 3323 2035 3383 verus

468 3435 579 3516 lunae
603 3431 716 3516 locus
738 3433 784 3518 in
814 3433 915 3517 orbe
945 3431 989 3516 dr
1019 3432 1202 3518 (fistantia
1233 3440 1319 3538 ejuc
1348 3459 1370 3516 a
1398 3451 1520 3530 terra,
1558 3427 1686 3542 idque
1714 3451 1789 3538 per
1812 3421 2035 3506 methodos

467 3552 705 3641 uotiffimas.
1371 3615 1374 3622 .

523 3675 569 3761 ln
593 3679 792 3786 perihelio
819 3697 951 3781 tertre,
975 3699 1147 3792 propter
1164 3678 1363 3788 majorem
1387 3679 1471 3764 vim
1494 3675 1602 3772 solis,
1629 3692 1820 3760 centrum
1848 3666 1961 3753 orbis
1977 3665 2034 3750 lu-

469 3823 536 3884 nae
554 3801 735 3883 velocius
759 3819 948 3885 movetur
976 3803 1132 3887 circum
1154 3821 1343 3886 centrum
1363 3799 1402 3883 C
1424 3823 1549 3910 quam
1567 3797 1609 3881 in
1632 3795 1809 3906 aphelio,
1833 3790 1959 3901 idque
1986 3789 2032 3874 in

467 3922 670 4032 triplicata
701 3925 860 4010 ratione
887 3923 1085 4009 distantiae
1117 3944 1237 4010 terrae
1268 3953 1289 4007 a
1325 3922 1406 4007 sole
1436 3920 1606 4006 inverse.
1662 3919 1733 4004 Ob
1758 3915 2031 4028 aequrtionem

350 4151 355 4164 Ι
464 4043 600 4130 centri
620 4042 710 4127 solis
728 4043 771 4127 in
789 4063 1032 4154 argumento
1052 4069 1187 4128 annuo
1215 4041 1564 4155 comprehensam,
1592 4061 1782 4126 centrum
1801 4037 1914 4122 orbis
1930 4037 2032 4121 luoae

465 4167 646 4252 velocius
669 4184 859 4250 movetur
887 4175 928 4251 in
951 4165 1142 4277 epicyclo
1169 4165 1210 4246 B
1218 4167 1315 4248 DA
1340 4169 1383 4250 in
1419 4164 1624 4274 duplicata
1649 4162 1808 4247 ratione
1838 4157 2030 4244 dillrntiae

465 4307 587 4372 terrae
607 4316 630 4373 a
654 4286 738 4371 sole
760 4289 929 4374 inverse.
988 4287 1045 4372 Ut
1067 4287 1181 4374 idem
1211 4289 1345 4374 adhuc
1367 4287 1549 4373 velocius
1571 4305 1788 4372 moveatur
1806 4285 1848 4367 in
1869 4282 2025 4364 ratione

461 4407 633 4522 simplici
657 4412 852 4498 dillantiae
870 4413 1053 4509 inverle3
1083 4413 1133 4496 ab
1153 4415 1264 4497 orbis
1288 4429 1434 4498 centro
1457 4411 1509 4492 D
1527 4429 1670 4521 agatur
1693 4408 1801 4496 redu
1820 4401 1913 4488 DE
1932 4428 2025 4485 ver·
2125 4411 2126 4437 ¹

463 4529 529 4616 lus
543 4534 888 4641 apogaeumlunae,
905 4531 973 4620 seu
996 4531 1116 4616 redlae
1132 4534 1206 4618 TC
1220 4535 1416 4646 parallelo,
1442 4530 1486 4616 dc
1498 4533 1681 4642 capiatur
1701 4527 1868 4642 angulus
1888 4521 2032 4608 E‘DF

461 4651 627 4764 aequtlis
652 4649 828 4736 excessui
849 4655 1082 4764 'argumenti
1108 4659 1227 4740 annui
1258 4651 1441 4768 praediffi
1474 4653 1590 4765 supra
1621 4651 1851 4737 distantiam
1875 4645 2024 4759 apogaei

461 4773 570 4862 tunae
589 4799 612 4859 a
628 4775 809 4887 perigaeo
827 4772 917 4860 solis
933 4778 978 4864 in
991 4773 1305 4890 consequentior
1342 4777 1407 4862 vel
1425 4773 1540 4888 quod
1559 4773 1733 4885 perinde
1750 4773 1823 4872 est,
1850 4771 2024 4881 capiatur

572 4934 576 4946 ·
1861 4895 2024 5004 angulus
