4352 5646
347 253 351 260 ’
413 295 517 390 404
730 259 1258 358 PH'l‘LOSOPH'IAE
1305 253 1759 361 NATURALI'S

202 441 250 499 ΠΕ
269 437 383 494 Mum
421 430 591 542 gravitas
616 431 657 520 in
680 431 769 514 baec
795 456 985 540 corpora,
1013 453 1108 514 cum
1133 425 1176 510 stt
1197 426 1247 510 ad
1277 425 1514 536 gravitatem
1541 423 1755 506 interram
1788 435 1916 504 totam
1939 439 1990 508 ut

205 521 387 582 &mm
421 558 511 640 lunt
531 557 618 638 brec
642 579 819 666 corpora
846 555 895 636 ad
919 570 1067 635 terram
1087 571 1230 646 totam,
1260 552 1382 657 longe
1411 548 1546 630 minor
1571 543 1627 628 ell
1646 569 1766 656 quam
1786 567 1879 653 quae
1901 543 1987 631 len·

423 679 644 794 tiripoffit.
1553 693 1555 698 ·

478 806 602 888 Corol.
618 835 654 888 2.
683 803 914 888 Gravitatio
937 805 978 888 in
1004 803 1169 912 ungulas
1191 798 1379 912 corporis
1410 796 1622 908 particulas
1651 793 1820 906 aquales
1844 791 1900 876 est
1921 821 1990 878 re·

423 929 591 1040 ciproce
624 949 671 1012 ut
700 928 942 1040 quadratum
974 928 1172 1012 dillantiae.
1210 929 1397 1012 locorum
1433 949 1454 1004 a
1482 919 1697 1036 particulis.
1765 923 1878 1002 Patet
1918 947 1997 1030 per

426 1059 550 1142 corol‘
566 1085 600 1156 3.
630 1082 749 1168 prop.
770 1084 916 1144 rxxrv.
952 1057 1017 1142 lib.
1048 1084 1080 1140 1.

549 1298 1021 1394 PROPOSITIO
1057 1295 1183 1395 Vlll.
1258 1293 1694 1393 THEOREMA
1735 1289 1861 1390 vlu:

429 1479 479 1581 Si
489 1481 712 1614 globorum
731 1482 910 1580 duorum
931 1482 977 1578 in
989 1487 1041 1604 se
1058 1507 1203 1576 mutuo
1221 1480 1548 1612 gratulantium
1580 1477 1772 1574 materia
1799 1475 2011 1614 undique*

499 1641 548 1734 t'u
565 1637 818 1773 regionibus,
842 1675 939 1772 que
959 1676 987 1734 o
1013 1635 1412 1770 ceutrisaequuliter
1432 1633 1609 1765 distant,
1634 1633 1967 1767 homogeuenfit
1980 1673 2009 1730 .··

500 1791 585 1890 etit
602 1793 776 1932 pondus
802 1792 920 1926 globi
953 1789 1208 1890 alterutrius
1242 1792 1287 1888 iu
1322 1787 1512 1888 alterum
1547 1788 1765 1928 reciproce
1805 1819 1852 1888 ut
1881 1829 1996 1924 quo·

500 1946 679 2044 drotum
703 1946 917 2078 distantia
940 1948 1055 2045 iuter
1080 1973 1244 2046 teutru.

490 2187 704 2302 Postquam
726 2187 961 2274 invenissem
982 2189 1220 2298 gravitatem
1243 2188 1284 2272 in
1307 2188 1508 2300 planetam
1533 2205 1669 2272 totum
1696 2187 1794 2272 oriri
1824 2187 1867 2271 dr
1887 2215 1999 2274 com„

436 2319 536 2430 poni
556 2345 609 2401 ex
634 2315 893 2427 gravitatibus
916 2317 957 2398 in
988 2337 1149 2426 partes;
1179 2313 1221 2396 &
1251 2313 1330 2398 elle
1357 2317 1399 2398 in
1426 2335 1558 2425 partes
1587 2313 1756 2422 singulas
1782 2319 1998 2429 reciproce

436 2443 788 2558 proportionalem
832 2441 1036 2552 quadratis
1074 2439 1349 2526 dillantiarum
1381 2465 1403 2523 a
1436 2439 1658 2552 partibusz.
1679 2439 1910 2528 dubitabam
1946 2469 2013 2526 an·

434 2569 648 2682 reciproca
676 2567 740 2654 illa
769 2563 986 2678 proportio
1015 2561 1221 2678 duplicata
1248 2563 1454 2648 obtineret
1487 2583 1670 2652 accurate
1691 2564 1731 2646 in
1759 2564 1797 2648 vi
1827 2585 1914 2652 tota
1942 2593 2002 2654 ex

435 2692 586 2776 viribus
609 2691 789 2802 pluribus
809 2688 1046 2798 composta,
1073 2717 1122 2773 an
1152 2715 1251 2774 vero
1278 2687 1624 2802 quamproxime.
1679 2687 1785 2778 Nam
1803 2689 1893 2775 freti
1910 2690 2004 2802 pol·
2134 2687 2135 2768 l

435 2813 494 2901 set
527 2837 571 2900 ut
601 2815 831 2927 proportio,
860 2839 952 2925 quae
983 2814 1026 2895 in
1053 2813 1269 2919 majoribus
1296 2811 1488 2900 distantiis
1514 2813 1604 2898 satis
1630 2837 1818 2902 accurate
1842 2815 2005 2902 obtine*
2134 2821 2135 2832 '

435 2960 512 3038 ret,
540 2966 673 3050 prope,
698 2938 950 3048 superficiem
978 2939 1148 3048 planetae
1175 2939 1228 3024 ob
1257 2939 1474 3050 ioaequales
1493 2939 1782 3050 particularum
1804 2940 2005 3035 distantias

437 3064 480 3150 dt
502 3066 594 3152 sttus
615 3063 834 3160 diffimiles,
860 3060 1093 3150 notabiliter
1114 3083 1276 3148 erraret.
1316 3061 1509 3152 Tandem
1529 3089 1641 3159 vero,
1663 3090 1737 3175 per
1750 3092 1869 3180 prop.
1883 3093 2001 3152 nxxv.

437 3187 480 3272 dt
499 3218 646 3276 rxxvr.
666 3189 756 3276 libri
773 3183 949 3300 primi&
973 3186 1146 3298 ipsarum
1165 3189 1389 3286 corollaria,
1416 3187 1598 3273 intellexi
1624 3190 1840 3281 veritatem
1857 3217 2004 3304 propo·

437 3317 589 3404 srtionis
611 3315 663 3402 de
686 3343 767 3430 qua
787 3317 853 3400 hic
878 3315 1022 3427 agitur.
1993 3305 2001 3326 ²

494 3445 620 3528 Corol.
644 3471 675 3526 1.
705 3439 820 3526 Hinc
840 3440 1012 3526 inveniri
1032 3437 1074 3522 &
1100 3441 1206 3525 inter
1232 3441 1272 3527 se
1291 3443 1518 3552 comparari
1539 3437 1699 3554 poliunt
1716 3447 1903 3554 pondera
1920 3470 2008 3535 core

437 3595 586 3682 porum
606 3569 646 3652 in
669 3566 847 3651 diversos
868 3567 1054 3676 planetas.
1110 3566 1215 3652 Nam
1244 3566 1427 3680 pondera
1449 3590 1672 3677 corporum
1693 3573 1910 3681 aequalium
1929 3569 2007 3652 cir·

440 3719 534 3775 cum
559 3693 735 3800 planetas
761 3690 802 3771 in
830 3691 989 3772 circulis
1017 3689 1317 3776 revolventium
1343 3689 1434 3774 sunt
1461 3691 1553 3801 (per
1581 3693 1708 3778 corol.
1731 3725 1767 3776 2.
1803 3719 1916 3804 prop.
1943 3721 2004 3778 ιν.

438 3815 506 3900 lib.
525 3825 575 3926 r.)
603 3835 648 3897 ut
668 3814 856 3898 diametri
884 3813 1131 3900 circulorum
1152 3815 1304 3900 diretle
1327 3816 1370 3899 dt
1395 3817 1592 3931 quadrata
1624 3840 1848 3930 temporum
1868 3825 2022 3932 perio·-

439 3943 628 4030 dicorum
648 3939 834 4036 inverso;
855 3937 898 4020 dt
910 3939 1092 4049 pondera
1106 3942 1157 4026 ad
1173 3940 1402 4051 superficies
1414 3943 1679 4052 planetarum,
1697 3945 1836 4032 aliasve
1850 3951 2007 4061 quasvis
2134 3967 2135 3974 ‘

441 4098 467 4153 a
476 4087 620 4155 centro
636 4064 863 4162 dillantias,
893 4064 1045 4174 majora
1064 4066 1154 4152 sunt
1180 4069 1242 4152 vel
1259 4069 1422 4154 minora.
1439 4071 1530 4180 (per
1549 4073 1651 4156 hanc
1670 4071 2004 4184 proposttionem)

441 4196 482 4278 iu
505 4194 709 4306 duplicata
722 4190 885 4276 ratione
906 4191 1183 4280 dillantiarum
1200 4193 1367 4280 inversa.
1423 4193 1490 4278 Sic
1517 4223 1570 4282 ex
1598 4198 1851 4309 temporibus
1872 4201 2004 4307 perio·
2134 4209 2135 4224 ¹

444 4317 546 4398 dicis
579 4324 736 4401 veneris
770 4314 926 4398 circum
955 4318 1080 4402 solem
1115 4317 1275 4402 dierum
1307 4347 1388 4425 224
1422 4317 1678 4406 &horarum
1711 4329 1796 4424 162,
1831 4321 2006 4408 satellitis

444 4441 588 4525 extimi
614 4439 924 4548 circumjovialis
951 4443 1108 4526 circum
1128 4441 1267 4552 jovem
1291 4441 1450 4528 dierum
1475 4453 1522 4528 16
1547 4443 1590 4526 dt
1612 4447 1805 4533 horarum
1824 4449 1933 4543 rota,
1954 4447 2012 4530 la·
2134 4433 2135 4448 Ν

443 4566 577 4652 tollitis
608 4563 845 4674 Hugeniani
877 4569 1034 4652 circum
1063 4569 1267 4654 saturnum
1300 4569 1460 4656 dierum
1488 4571 1602 4677 15&
1628 4575 1823 4658 botarum
1850 4583 1942 4676 η-ζ,
1971 4575 2013 4661 dt

443 4692 549 4774 lunae
569 4689 724 4774 circum
751 4710 903 4774 tertam
917 4690 1077 4776 dierum
1092 4719 1159 4794 27.
1179 4695 1263 4777 hot.
1285 4721 1325 4796 7.·
1339 4696 1434 4778 min.
1457 4723 1522 4798 432
1541 4697 1696 4782 collatis
1708 4722 1809 4780 eum
1831 4697 2032 4782 distantia.

444 4813 663 4898 mediocri=
680 4815 838 4898 veneris
865 4842 887 4897 a
917 4813 999 4898 sole
1021 4813 1064 4898 dt
1087 4843 1183 4901 cum
1204 4817 1528 4928 elongationibus
1549 4821 1734 4906 maximio
1753 4821 2013 4910 heliocentri·

444 4939 501 5020 eis
523 4938 718 5031 ,littellitit
737 4939 883 5032 extimi
921 4938 1232 5050 circnmjovialis
1260 4965 1454 5030 accurro
1479 4943 1584 5054 jovis
1617 4943 1667 5030 8¹.
1705 4943 1799 5029 16''.
1839 4945 2034 5032 satellitis·

1864 5069 2016 5182 Huger
