4312 5652
422 293 519 420 156
685 292 1213 391 patronorum
1259 285 1715 390 Naturants

208 485 261 546 D·
286 473 526 570 MothZ,
564 497 646 586 qua
676 469 943 554 oscitationes
974 469 1148 555 evadent
1187 467 1429 562 isochronae,
1461 457 1542 548 erit
1577 457 1630 548 ad
1665 458 1747 546 vim
1780 459 2036 576 gravitatis
2123 479 2124 510 ¹

203 568 229 626 C
231 581 380 628 ⁰⁰⁰⁰⁰⁰⁰
419 599 516 700 AT,
545 621 589 684 ut
615 623 729 682 arcus
753 595 837 680 TR
861 593 935 708 ipsi
954 591 1039 681 TY
1058 595 1221 713 aequaiis
1243 595 1294 681 ad
1320 617 1435 680 arcus

418 727 658 822 illiusstnum
679 723 779 814 TN.

475 855 599 938 Carol.
613 883 651 936 2.
678 849 734 938 Et
752 869 970 964 propterea
993 851 1037 938 in
1063 847 1302 957 horologiis,
1328 841 1434 930 srvi·

419 1005 484 1064 res
503 1007 525 1063 a
543 981 726 1066 machina
743 981 787 1065 in
805 977 1031 1090 pendulum
1060 975 1112 1060 ad
1140 993 1303 1060 motum
1332 993 1432 1052 con·
1463 987 1488 1058 s

419 1101 658 1189 servandum
701 1100 898 1214 impteffae
934 1103 991 1184 ita
1026 1125 1122 1185 cum
1153 1099 1194 1183 vi
1230 1092 1433 1207 gravitatis
1729 1148 1742 1181 n

416 1228 614 1338 *componi
649 1227 814 1339 poffint‚
849 1246 894 1308 ut
927 1225 986 1310 vis
1013 1243 1100 1307 tota
1124 1216 1431 1304 deorsumsem·
1493 1189 1523 1248 T

417 1381 490 1464 per
517 1353 563 1437 iit
592 1374 633 1436 ut
661 1351 764 1436 linea
790 1377 883 1464 quae
913 1350 1044 1435 oritur
1079 1341 1320 1455 applicando
1345 1363 1434 1422 rec·

418 1479 627 1588 tangulum
653 1476 724 1560 iub
744 1502 842 1560 arcu
863 1475 947 1556 TR
972 1470 1158 1557 &radio
1186 1465 1278 1552 AR
1303 1461 1354 1549 ad
1382 1461 1430 1548 st·

416 1627 517 1687 num
555 1603 596 1686 T
603 1599 663 1702 N,
706 1598 973 1688 oscillationes
1014 1620 1157 1683 ornnes
1195 1607 1316 1679 erunt
1354 1585 1432 1674 iso·

420 1725 601 1814 chronae.
1499 1749 1535 1816 ᾗ

492 1953 961 2057 PROPOSITIO
996 1949 1129 2053 LIV.
1202 1943 1620 2045 PROBLEMA
1690 1949 1923 2052 XXXVI.

424 2143 630 2280 Coacaffis
649 2139 910 2278 figurarum
938 2136 1288 2240 curviliuearum
1312 2125 1618 2263 quadraturis,
1653 2127 1855 2234 inuenire
1878 2162 1993 2234 tem·

485 2329 623 2441 pora,
662 2296 816 2435 quibus
850 2323 1033 2436 corpora
1065 2290 1114 2393 vi
1149 2283 1347 2426 qualibet
1377 2278 1622 2420 centripeta
1651 2284 1700 2387 in
1731 2285 1859 2388 lineis
1892 2293 1993 2427 qui·

495 2449 740 2588 buscuuque
763 2449 923 2575 curvis,
961 2447 1010 2548 iu
1038 2444 1176 2584 plaut
1203 2465 1289 2575 per
1318 2459 1515 2534 centrum
1545 2433 1713 2538 virium
1742 2447 1993 2566 transeunte
2123 2465 2124 2548 ὲ

492 2601 733 2744 descriptis,
768 2599 1023 2724 descendent
1044 2594 1106 2704 &
1128 2587 1373 2716 ascendent.

357 2853 359 2860 '
480 2865 715 2951 Descendat
734 2887 883 2976 corpus
910 2859 963 2946 de
989 2860 1086 2948 ioco
1105 2851 1252 2972 quovis
1277 2846 1321 2945 S,
1347 2869 1422 2959 per
1448 2843 1596 2932 iineam
1621 2851 1804 2962 quamvis
1825 2877 1991 2948 curvam

424 2987 577 3074 STtR
611 2989 653 3073 in
683 2989 804 3099 plano
830 3012 903 3098 per
929 2987 1079 3072 virium
1112 2999 1302 3072 centrum
1337 2970 1373 3060 C
1405 2969 1635 3062 transeunte
1668 2976 1818 3068 datam.
1889 2979 1989 3094 Jun-
2123 2991 2124 3000 ³

424 3134 543 3226 gatur
565 3113 637 3198 CS
654 3111 698 3196 δι
713 3111 920 3199 dividatur
933 3111 1079 3196 eadem
1095 3111 1139 3194 in
1159 3131 1248 3222 par·
1308 3186 1345 3252 a

427 3260 489 3327 tes
519 3241 748 3328 innumeras
778 3238 963 3356 aequales,
995 3238 1124 3352 fitque
1159 3227 1254 3316 Da
1308 3279 1339 3352 P

422 3367 600 3477 partiunt
624 3365 794 3462 illarum·
814 3364 957 3479 atqua
1024 3354 1256 3448 CentroG

423 3489 643 3584 intervallis,
658 3492 762 3590 GU,
788 3491 862 3579 Cd
876 3487 1154 3579 describantur
1170 3482 1249 3569 cir·

425 3616 508 3700 culi
530 3615 640 3716 Dr,
674 3619 746 3717 dt,
780 3622 897 3706 lineae
925 3641 1062 3705 curvae
1095 3609 1174 3696 ST
1175 3609 1251 3694 tR

426 3760 691 3825 occurrentes
716 3742 759 3826 in
788 3738 894 3825 T&
919 3761 952 3826 t.
1005 3735 1063 3823 Et
1085 3764 1138 3823 ex
1156 3735 1253 3822 data

425 3881 515 3948 tum
533 3866 624 3975 lege
644 3871 702 3954 vis
730 3869 982 3980 centripetae,
1008 3886 1098 3953 tum
1117 3863 1248 3950 aititu-

270 4079 271 4082 a
426 3987 524 4075 dine
546 3991 619 4080 CS
633 3992 686 4080 de
705 4021 785 4110 qua
806 4019 954 4106 corpus
973 3990 1155 4089 cecidita
1182 3988 1251 4076 da·

400 4117 401 4120 ‘
426 4111 535 4200 bitur
557 4117 751 4202 velocitas
777 4115 961 4230 corporis
987 4119 1030 4204 in
1058 4116 1131 4202 alia
1149 4140 1249 4227 qua-

426 4237 487 4320 vis
505 4240 718 4327 altitudine
736 4241 819 4327 CT
843 4241 935 4353 (per
948 4267 1064 4356 propt
1077 4249 1257 4350 max.)

425 4360 611 4478 Tempus
641 4388 791 4464 autem,
818 4393 904 4481 quo
934 4393 1082 4480 corpus
1101 4365 1250 4452 descri-

426 4485 488 4570 bit
514 4491 704 4576 lineolam
726 4491 808 4588 Tt,
835 4493 893 4578 est
920 4512 967 4577 ut
992 4493 1151 4579 lineolae
1178 4491 1252 4578 hu»

424 4607 488 4720 jus
517 4614 745 4724 longitudo,
775 4615 913 4714 idest,
940 4637 987 4702 ut
1014 4615 1148 4704 secans
1183 4644 1253 4704 an

424 4739 510 4846 guli
538 4739 649 4828 tTC
680 4743 866 4838 d‘ireiiea
896 4741 941 4825 δε
965 4743 1158 4830 velocitas
1191 4749 1249 4830 io·

422 4867 549 4953 verse.
604 4861 810 4978 Tempori
838 4867 939 4952 huic
965 4874 1252 4982 proportiona-

419 4989 532 5082 tta-fir
552 4993 776 5087 ordinarint
804 4993 1004 5110 applicata
1030 4996 1148 5086 DN
1157 5001 1212 5092 ad
1232 5009 1392 5100 rettan
1413 5014 1579 5132 αἴρει
1597 5016 1796 5132 pandum
1824 5015 1877 5100 D
1895 5041 2001 5128 pers.

1705 5142 1983 5258 pendicularis,
