4338 5656
399 225 1450 336 rntucrernuartteuartcn
1632 267 1726 362 517

21 389 25 442 ³
150 389 368 497 Lusitania
390 409 575 504 quartam
597 389 683 480 sere
710 392 808 478 coeli
838 415 999 506 partem
1026 395 1098 500 (id
1127 397 1196 496 est,
1224 400 1372 508 gradus
1396 407 1474 511 45)
1504 405 1718 519 occupasse
1778 401 1905 464 tran

158 518 308 603 dicitur
333 516 383 599 ab
409 517 628 604 occidente
657 519 698 602 in
722 519 924 608 orientem
954 520 1169 633 splendore
1199 551 1294 610 cum
1328 524 1469 634 insrgni
1504 533 1719 645 protensa;
1749 481 1947 546 Tum

19 647 24 702 ³
155 670 231 733 nec
258 665 393 730 tamen
425 664 512 729 tota
542 651 744 760 appatuit,
772 653 908 761 capite
934 651 1093 762 semper
1121 651 1162 734 in
1184 651 1244 736 his
1268 653 1500 764 regionibus
1525 657 1627 743 infra
1648 659 1723 743 ho·

19 781 22 832 ἓ
153 774 356 859 rizonrem
381 770 655 857 delitescente.
711 771 776 860 Ex
794 775 1052 861 incremento
1072 776 1275 862 caudae&
1297 779 1568 864 decremento
1590 783 1721 896 splen·

18 913 23 966 ἰ
152 899 265 986 doris
293 895 546 983 manifestum
572 899 644 998 est,
673 901 785 1011 quod
822 921 946 1014 caput
979 898 1102 988 asole
1131 902 1305 1000 recelsrt,
1334 905 1455 1017 eique
1483 911 1721 1018 proximum

20 1055 23 1062 ’
151 1025 229 1108 suit
255 1024 326 1109 sub
348 1022 481 1121 initio,
510 1050 587 1136 pro
615 1049 731 1109 more
758 1048 934 1111 cometae
955 1029 1048 1111 anni
1083 1027 1197 1112 1680.
1253 1024 1308 1112 Et
1334 1030 1375 1112 in
1395 1031 1596 1116 chronico
1618 1035 1722 1118 Sax-

17 1171 21 1222 ι
153 1154 260 1236 onice
289 1149 423 1236 similis
455 1151 603 1260 legitur
638 1172 800 1236 cornera
829 1152 922 1236 anni
962 1160 1075 1251 1106,
1112 1152 1224 1263 cujus
1241 1153 1362 1261 stella
1395 1174 1486 1236 erat
1505 1175 1649 1270 parva
1678 1163 1721 1252 sd

152 1278 313 1384 obscura
341 1279 405 1378 (ιιι
430 1273 495 1359 ille
521 1275 614 1359 anni
644 1276 765 1386 1680)
784 1276 862 1385 sed
875 1274 1063 1388 splendor
1088 1280 1159 1390 qui
1186 1306 1236 1360 ete
1263 1305 1310 1361 ea
1332 1282 1469 1362 exivit
1494 1285 1615 1367 valde
1638 1290 1719 1370 cba-

16 1425 20 1480 r
153 1429 230 1488 aas
250 1401 292 1490 ξς
313 1397 429 1511 quast
441 1399 580 1514 ingens
605 1401 717 1483 trabs
743 1403 1006 1488 adorientem
1032 1401 1075 1489 sb
1101 1403 1323 1514 aquilonem
1348 1406 1548 1507 tendebat,
1575 1431 1623 1494 ut
1648 1412 1719 1498 ha·

15 1555 19 1608 ε
152 1531 223 1616 bet
253 1531 378 1613 etiarn
406 1527 603 1610 Hevelius
639 1556 692 1616 ex
724 1530 899 1615 Simeone
923 1531 1188 1634 Dunesmenst
1210 1528 1435 1618 Monacho.
1510 1537 1719 1649 Apparuit

14 1683 19 1738 t
150 1657 269 1743 initio
301 1655 446 1740 mensrs
479 1653 711 1757 Februarii,
747 1684 794 1742 ac
821 1657 1017 1771 deinceps
1047 1659 1156 1743 circa
1184 1658 1409 1772 vesperam,
1444 1661 1496 1746 ad
1528 1664 1719 1755 occasum

14 1813 15 1862 ς
150 1781 242 1868 solis
268 1782 506 1868 brumalem.
560 1780 659 1868 lnde
683 1808 786 1866 vero
808 1783 851 1866 δι
878 1810 931 1868 ex
957 1782 1032 1868 srru
1052 1780 1193 1867 caudae
1221 1785 1426 1892 colligitur
1446 1809 1571 1898 caput
1603 1790 1718 1881 fuisse

13 1943 15 1996 :
148 1910 222 1996 soli
246 1905 441 1994 vicinum.
503 1909 551 1989 A
568 1909 669 2015 state,
707 1909 842 2021 inquit
867 1907 1092 1992 Mattheus
1124 1907 1311 2014 Paristen
1327 1938 1375 2008 rr,
1412 1909 1583 2019 distabat
1609 1919 1727 2032 quast

148 2036 277 2120 cubito
304 2061 393 2133 uno,
431 2030 608 2117 abbana
639 2037 767 2120 tertia
803 2033 978 2134 [rebilus
1007 2033 1148 2142 sexta]
1185 2035 1392 2148 usquead
1421 2035 1555 2123 beram
1580 2068 1719 2127 nonam

12 2203 13 2212 ι
147 2162 306 2249 radium
330 2161 448 2264 exse
473 2159 624 2270 lengum
654 2165 848 2244 emittens.
914 2157 1028 2244 Talis
1057 2162 1180 2245 etiam
1206 2182 1293 2245 erat
1322 2161 1622 2251 ardentissimus
1650 2169 1717 2256 ille

147 2305 312 2374 cometa
334 2283 384 2368 ab
406 2280 619 2390 Aristotele
644 2283 873 2396 descriptus
900 2282 969 2368 lib.
998 2311 1031 2366 r.
1060 2283 1241 2369 Mereor.
1265 2291 1301 2369 6.
1341 2287 1457 2400 cnjm
1480 2307 1601 2400 caput
1624 2295 1718 2404 pri·

145 2413 294 2498 nudie
320 2411 656 2518 noncouspetbum
681 2407 746 2514 est,
771 2437 813 2492 eo
837 2410 943 2521 quod
960 2426 1054 2492 ante
1072 2409 1196 2516 solem
1223 2413 1298 2493 vel
1314 2414 1462 2520 strltem
1480 2415 1560 2522 stab
1585 2418 1718 2504 radiis

134 2535 338 2650 sitatibus
360 2534 567 2640 occidrffet,
586 2537 774 2648 sequente
797 2561 897 2617 veru
917 2535 981 2619 die
1002 2552 1196 2648 quantum
1211 2539 1353 2644 putuit
1370 2541 1501 2646 visuum
1516 2539 1578 2650 est.
1607 2542 1719 2627 Nam

145 2691 264 2777 quam
285 2661 448 2744 minima
468 2659 571 2766 fieri
589 2659 719 2771 potest
748 2659 936 2768 distantia
960 2664 1084 2770 sulem
1110 2660 1295 2778 reliquit,
1331 2663 1383 2753 sb
1402 2681 1506 2748 mex·
1524 2669 1716 2757 occubuit.

146 2789 211 2876 Ob
228 2789 392 2872 nimiunn
413 2787 592 2871 arderem
620 2787 785 2886 [caudae
802 2787 977 2900 scilicet]
1006 2785 1173 2871 nondum
1193 2791 1411 2900 apparebat
1432 2794 1579 2902 cupitis
1594 2799 1717 2908 spar-

135 2923 211 3028 sus
234 2917 354 3030 ignis,
381 2913 461 3024 fid
472 2914 710 3026 procedente
736 2932 906 3026 tempure
934 2917 1014 3017 (ait
1030 2915 1291 3028 Aristoteles)
1314 2944 1402 2999 cunr
1430 2918 1602 3030 [cauda]
1618 2921 1717 3032 jam

145 3046 276 3128 miuus
294 3039 511 3150 flagraret,
537 3037 703 3119 reddita
734 3037 794 3143 est·
813 3039 995 3150 [capiti]
1026 3059 1181 3123 cometa
1200 3043 1279 3146 stra
1295 3041 1443 3142 facies.
1500 3041 1563 3122 Et
1581 3046 1716 3153 splen.

144 3169 277 3252 dorem
293 3166 413 3272 suum
439 3161 683 3247 astartium
714 3165 833 3274 usque
870 3163 959 3244 cali
978 3178 1144 3273 partem
1173 3163 1240 3270 [id
1263 3163 1334 3261 est,
1361 3163 1412 3248 ad
1442 3169 1546 3274 60³²]
1575 3185 1714 3248 exten·

145 3298 220 3382 dit.
277 3287 485 3402 Apparuit
512 3303 646 3369 autem
685 3301 856 3399 tempore
878 3284 1044 3395 hyberno
1079 3291 1166 3392 [an.
1194 3321 1230 3390 4.
1260 3290 1414 3401 olymp.
1440 3300 1548 3398 101.]
1580 3288 1624 3378 Cb
1652 3295 1715 3400 as·

145 3415 308 3509 candens
326 3409 515 3527 usquead
533 3409 729 3524 cingulum
746 3414 893 3495 orionis
912 3412 970 3493 ibi
989 3417 1168 3498 evanuit.
1198 3413 1377 3498 Cometa
1395 3413 1460 3500 ille
1481 3413 1574 3499 anni
1598 3420 1714 3528 1618,

145 3547 218 3665 qui
235 3568 261 3627 e
281 3540 401 3626 radiis
418 3535 609 3620 solaribus
626 3535 926 3622 caudatissimus
948 3538 1123 3637 emersit,
1151 3537 1278 3623 slellas
1301 3539 1444 3649 primae
1465 3537 1713 3648 magnitudi-

144 3673 207 3761 nis
224 3689 384 3782 aequare
408 3663 474 3748 vel
503 3663 624 3773 paulo
651 3662 838 3772 superare
860 3661 1089 3762 videbatur,
1117 3661 1187 3749 sed
1206 3659 1377 3770 majores
1398 3687 1619 3776 apparuere
1638 3688 1711 3749 co-

142 3817 266 3886 metae
283 3819 366 3880 non
384 3790 517 3902 pauci,
533 3789 605 3902 qui
625 3788 771 3874 caudas
789 3789 998 3874 breviores
1016 3790 1206 3875 habuere.
1229 3783 1398 3874 Horum
1417 3790 1539 3904 aliqui
1556 3789 1712 3900 jovem,

143 3923 209 4009 alii
230 3941 423 4005 venerem
449 3917 514 4000 vel
534 3913 657 3998 etiarn
674 3915 810 4000 lunam
834 3915 1005 4032 aequalse
1023 3913 1252 3999 traduntur.

198 4045 389 4132 Diximus
409 4061 588 4126 cometas
605 4037 684 4124 esse
703 4066 830 4150 genus
855 4042 1107 4154 planetarum
1126 4039 1168 4124 in
1187 4035 1352 4123 orbibus
1372 4031 1489 4122 valde
1507 4036 1707 4120 eceentri·

143 4169 202 4256 cis
233 4170 343 4254 circa
371 4163 498 4249 solem
527 4163 836 4250 revolventium.
908 4161 963 4248 Et
990 4161 1341 4278 quemadmodum
1374 4188 1399 4247 e
1426 4161 1595 4274 planetis
1621 4185 1707 4249 non

144 4295 324 4383 caudatis
350 4290 528 4376 minores
548 4283 627 4374 elie
646 4287 789 4387 solent,
807 4288 879 4404 qui
897 4289 941 4376 in
960 4288 1125 4374 orbibus
1144 4289 1367 4375 minoribus
1386 4283 1429 4369 dt
1451 4283 1523 4370 soli
1541 4287 1707 4397 propio·

144 4419 254 4504 ribus
283 4413 570 4528 gyrantur,s1c
598 4413 720 4496 etiam
755 4433 951 4508 cometas,
990 4411 1062 4526 qui
1088 4411 1131 4498 in
1157 4412 1360 4527 periheliis
1384 4409 1462 4496 suis
1498 4411 1549 4497 ad
1577 4413 1704 4500 solem

142 4543 309 4654 propius
337 4539 553 4636 accedunt,
580 4555 627 4622 ut
657 4539 877 4650 plurimum
906 4538 1084 4625 minores
1105 4536 1200 4636 esse,
1228 4567 1282 4626 ne
1310 4540 1438 4624 solem
1464 4535 1703 4623 attractione

142 4665 211 4751 sua
228 4665 346 4749 nimis
364 4665 531 4774 agitent,
549 4661 696 4748 rationi
721 4663 1038 4748 consentaneum
1059 4659 1234 4746 videtur.
1263 4659 1442 4746 Orbium
1458 4685 1558 4743 vero
1579 4655 1704 4742 trans-

143 4783 273 4880 versas
298 4791 518 4876 diametros
546 4787 589 4874 δι
615 4789 919 4876 revolutionum
945 4807 1130 4897 tempora
1159 4787 1383 4897 periodica,
1410 4782 1702 4870 excolatione

141 4936 397 5008 cometarum
418 4916 462 5004 in
482 4914 625 5004 iisdem
646 4915 811 5002 orbibus
839 4915 929 5028 post
953 4915 1074 5027 longa
1096 4932 1330 5030 temporum
1358 4909 1565 5000 intervalla
1584 4905 1702 5048 rede·

1527 5053 1705 5135 unarum,
