4450 5674
423 275 489 378 30
685 244 1214 346 nurtosonrure
1258 187 1715 348 naturantis

494 588 588 688 dico
613 582 734 720 quod
744 581 909 721 figurae
939 586 1034 686 duae
1061 595 1242 714 ΑΜΕ,
1280 585 1470 722 PprT,
1495 589 1603 708 sunt
1634 583 1702 685 ad
1728 582 1916 686 invicem
1937 585 1988 682 in

492 741 647 848 eadem
677 739 757 841 illa
779 741 964 848 ratione.

472 2296 639 2395 Etenim
668 2323 714 2390 ut
743 2299 832 2389 sunt
861 2291 1231 2406 parallelogramma
1261 2292 1411 2408 singula
1444 2294 1495 2382 ad
1518 2296 1688 2406 singula,
1715 2301 1771 2392 ita
1798 2309 1984 2421 (compo.

417 2431 576 2545 nendo)
593 2433 638 2518 fit
658 2431 810 2514 summa
828 2420 1012 2506 omnium
1036 2416 1087 2500 ad
1103 2416 1297 2504 summam
1313 2424 1511 2522 omnium,
1539 2421 1582 2506 δι
1601 2425 1656 2509 ita
1674 2426 1802 2542 figura
1816 2433 1867 2521 ad
1886 2433 1984 2546 fign.

418 2577 532 2652 ram;
559 2553 755 2638 existente
784 2545 976 2632 nimirum
1002 2539 1130 2650 figura
1151 2543 1287 2652 priore
1316 2545 1408 2654 (per
1429 2547 1578 2636 lemma
1606 2555 1698 2658 111)
1715 2554 1768 2642 ad
1789 2555 1983 2650 summam

275 2751 280 2760 .
417 2683 614 2794 priorem,
650 2678 694 2764 dc
725 2678 852 2788 figura
881 2667 1105 2782 posteriore
1135 2669 1187 2754 ad
1218 2667 1415 2764 summam
1449 2675 1718 2785 posteriorem
1745 2681 1788 2770 in
1828 2687 1985 2774 rationu

418 2806 666 2918 equalitatis.
724 2799 851 2918 QE.
872 2799 936 2884 D.

476 2928 605 3012 Corol.
639 2925 755 3010 Hinc
786 2925 815 3008 st
844 2923 937 3006 duae
968 2915 1246 3032 cujuscunque
1279 2925 1439 3030 generis
1464 2927 1709 3038 quantitates
1738 2929 1783 3022 itr
1808 2933 1986 3026 eundem

418 3055 597 3167 partium
623 3077 841 3138 numerum
870 3071 1081 3161 utcunque
1110 3047 1372 3146 dividantur;
1402 3049 1446 3136 dr
1474 3071 1607 3163 partes
1628 3057 1721 3155 ille,
1746 3058 1819 3144 ubi
1843 3085 1985 3150 nume·

421 3206 490 3266 rus
524 3203 662 3264 earum
690 3196 860 3286 augetur
898 3175 941 3261 δι
970 3174 1210 3286 magnitudo
1246 3176 1485 3264 diminuitur
1515 3181 1559 3266 itt
1591 3182 1819 3285 iminitum,
1851 3187 1986 3278 datam

422 3307 632 3394 obtineant
661 3307 864 3392 rationem
889 3305 940 3389 ad
968 3303 1160 3402 invicem,
1197 3303 1326 3417 prima
1348 3309 1400 3394 ad
1429 3310 1614 3418 primam,
1650 3311 1824 3398 leeurrda
1848 3315 1900 3398 ad
1930 3315 1985 3400 se-

420 3438 611 3537 cundam,
638 3455 881 3549 ootetteque
908 3433 980 3520 sno
1004 3424 1150 3519 ordine
1172 3432 1225 3518 ad
1243 3453 1434 3523 caterae:
1474 3457 1594 3522 erunt
1622 3455 1711 3522 tota
1737 3438 1788 3523 ad
1808 3441 1987 3528 inuicem

420 3561 464 3647 in
484 3564 628 3648 eadem
649 3564 714 3647 illa
735 3562 828 3645 data
851 3557 1018 3644 ratione.
1075 3559 1179 3642 Nam
1199 3556 1226 3639 fi
1246 3557 1289 3644 in
1316 3560 1518 3643 lemmatis
1538 3560 1653 3670 hujus
1674 3562 1813 3671 figuris
1832 3566 1988 3654 suman·

422 3703 490 3769 rur
521 3687 889 3796 parallelogramma
912 3682 1019 3766 inter
1045 3678 1087 3766 ie
1118 3701 1165 3767 ut
1197 3703 1344 3789 partes,
1369 3681 1535 3770 lummae
1556 3687 1730 3796 partium
1758 3689 1917 3801 semper
1943 3717 1986 3777 e·

420 3829 516 3894 runt
549 3830 595 3896 ut
622 3809 786 3893 summae
814 3806 1310 3918 parallelogrammoruma
1347 3824 1469 3920 atque
1496 3808 1607 3910 ideo,
1643 3813 1714 3898 ubi
1740 3815 1917 3924 partium
1942 3813 1986 3904 δι

420 3935 886 4046 parallelogrammorum
920 3957 1112 4020 numerus
1140 3951 1312 4038 augetur
1340 3929 1383 4016 &
1410 3937 1651 4046 magnitudo
1685 3939 1926 4029 diminuitur
1944 3946 1986 4029 in

421 4061 640 4162 infinitum,
673 4065 715 4148 in
746 4065 885 4148 ultima
910 4063 1067 4149 ratione
1093 4061 1454 4171 parallelogrammi
1479 4067 1527 4152 ad
1554 4067 1988 4190 parallelogrammum,

420 4189 534 4277 idest
563 4197 654 4306 (per
678 4192 934 4305 hypothesin)
963 4193 1005 4276 in
1025 4191 1165 4275 ultima
1192 4187 1348 4274 ratione
1368 4195 1490 4303 partis
1517 4192 1570 4280 ad
1588 4216 1758 4306 partem.

949 4448 1327 4553 LEMMA
1399 4445 1465 4548 V.

358 4739 359 4744 a
422 4631 648 4736 dimilirtm
665 4635 925 4770 figurarum
953 4635 1105 4736 latero
1123 4637 1285 4760 omnia,
1325 4634 1519 4771 qrraestbi
1542 4665 1688 4741 mutuo
1712 4637 1983 4778 respondent,

476 4797 585 4916 strat
608 4790 973 4930 proportionalia,
1013 4817 1109 4888 tam
1150 4791 1394 4890 curoilinea
1426 4831 1567 4926 quom
1607 4793 1867 4922 7‘et72'littea·,·
1924 4795 1986 4903 ἃᾶ

488 4987 603 5052 arere
613 4953 721 5072 soor
746 4946 793 5045 in
817 4947 1044 5085 duplicata
1065 4945 1237 5067 ratione
1261 4935 1466 5049 laterum.

1682 5096 1724 5193 L
1742 5097 1775 5190 E
1795 5099 1848 5190 M
1864 5097 1919 5188 M
1940 5101 1983 5191 A
