4450 5674
987 276 1509 376 EDITORIS

453 444 543 532 flari
564 445 758 531 censenda
786 445 888 544 erit;
918 465 1041 562 atque
1066 450 1172 536 adeo
1200 475 1373 564 corpora
1405 452 1542 536 omnia
1574 446 1774 534 terrestria
1800 447 1841 535 sc
1869 467 2035 536 mutuo

456 573 617 656 trahere
646 590 812 681 oportet
843 574 993 660 vitibus
1022 577 1225 673 absolutis,
1264 601 1357 689 quae
1385 576 1460 661 srnt
1486 577 1528 662 in
1553 577 1712 661 ratione
1744 577 1924 661 materiae
1945 597 2034 661 tra·

456 695 600 780 hentis.
629 691 738 778 Haec
760 694 816 779 est
835 715 978 784 natura
996 699 1202 809 gravitatis
1226 699 1333 811 apud
1354 718 1530 785 terram:
1561 697 1769 786 videamus
1791 699 1873 808 jam
1893 699 2033 815 qualis
2213 799 2214 814 ᾖ

458 819 504 902 lit
528 821 569 904 in
590 821 710 904 caelis.
2213 821 2214 838 ¹

512 947 675 1059 Corpus
698 972 821 1031 omne
840 951 1095 1058 perseverare
1119 953 1161 1036 in
1181 951 1281 1036 llatu
1300 951 1374 1038 suo
1399 955 1463 1038 vel
1480 951 1716 1066 quiescendi
1741 951 1807 1036 vel
1827 951 2028 1038 movendi

460 1071 721 1160 uniformiter
752 1073 794 1156 in
819 1073 1044 1176 diredum,
1086 1077 1158 1162 nisr
1185 1096 1383 1188 quatenus
1411 1103 1434 1160 a
1461 1075 1613 1160 viribus
1632 1075 1831 1185 impressis
1859 1077 2030 1184 cogitur

460 1201 603 1286 statum
626 1203 737 1284 illum
761 1217 943 1299 mutate;
985 1223 1139 1288 naturae
1173 1204 1241 1288 lex
1271 1201 1329 1287 est
1353 1204 1402 1287 ab
1429 1202 1618 1287 omnibus
1645 1223 1810 1313 recepta
1846 1201 2029 1314 pbiloso-

459 1325 560 1436 phis.
614 1322 714 1409 lnde
740 1352 841 1410 vero
863 1326 1064 1440 sequitur,
1095 1353 1272 1440 corpora
1299 1351 1393 1442 quae
1419 1328 1462 1412 in
1486 1327 1619 1412 curvis
1644 1348 1878 1425 moventur,
1899 1346 2028 1440 atque

460 1451 566 1535 adeo
587 1451 639 1535 de
659 1451 772 1534 lineis
791 1449 908 1535 reslis
932 1451 1082 1536 orbitas
1105 1453 1192 1538 suas
1211 1453 1468 1564 tangentibus
1496 1448 1648 1560 jugiter
1674 1451 1848 1550 abeunt,
1888 1451 1930 1535 vi
1954 1453 2026 1537 ali·

461 1602 542 1689 qua
568 1595 770 1686 perpetuo
798 1591 945 1684 agente
974 1578 1141 1662 retineri
1165 1578 1209 1662 in
1235 1574 1383 1662 itinere
1409 1577 1646 1662 curvilineo.
1701 1573 1878 1662 Planetis
1897 1575 2022 1686 igitur

461 1703 505 1790 in
531 1699 698 1788 orbibus
723 1703 857 1786 curvis
875 1701 1175 1786 revolventibus
1196 1701 1416 1788 necessario
1437 1702 1569 1786 aderit
1594 1703 1654 1787 vis
1675 1701 1827 1814 aliqua,
1853 1725 1926 1814 per
1953 1725 2022 1788 cu·

457 1827 521 1937 jus
545 1824 722 1910 essiones
746 1823 937 1932 repetitas
949 1822 1222 1910 indesinenter
1240 1823 1536 1936 ataugentibus
1552 1823 1834 1912 deflectantur.

512 1950 603 2060 jam
622 1948 721 2033 illud
742 1945 917 2032 concedi
935 1971 1099 2062 aequum
1125 1948 1194 2046 esl,
1226 1951 1341 2061 quod
1361 1947 1654 2035 mathematicis
1681 1948 1906 2034 rationibus
1937 1950 2024 2036 col·

462 2077 602 2189 ligitur
621 2073 663 2159 81
684 2074 902 2160 certislrme
922 2073 1242 2171 demonstraturr
1270 2101 1445 2189 corpora
1466 2099 1614 2187 nempe
1633 2075 1785 2174 omnia,
1811 2098 1906 2188 quae
1938 2099 2024 2160 mo·

463 2222 611 2291 ventur
634 2201 677 2285 in
696 2199 799 2284 linea
823 2201 954 2314 aliqua
973 2224 1097 2283 curva
1115 2198 1159 2282 in
1176 2201 1298 2310 plano
1322 2199 1540 2312 descripta,
1565 2225 1742 2314 quaeque
1762 2198 1879 2284 radio
1898 2198 2024 2284 dudo

463 2327 516 2413 ad
535 2323 730 2439 pundum
743 2326 808 2410 vel
829 2323 1039 2438 quiescens
1053 2325 1118 2409 vel
1135 2343 1346 2439 utcunque
1361 2345 1522 2411 motum
1541 2324 1777 2412 describunt
1795 2351 1903 2411 areas
1915 2326 2026 2410 circa

463 2450 661 2564 putidum
687 2446 788 2532 illud
815 2447 1066 2558 temporibus
1092 2448 1432 2558 proportionales,
1461 2449 1600 2556 urgeri
1625 2477 1649 2534 a
1673 2449 1940 2562 viribusque
1973 2444 2026 2532 ad

462 2575 577 2662 idem
610 2567 804 2684 punstum
833 2572 1020 2656 tendunt.
1077 2569 1188 2655 Cum
1220 2572 1345 2682 igitur
1367 2574 1411 2656 in
1432 2570 1614 2658 confesso
1633 2575 1682 2659 lit
1712 2573 1822 2686 apud
1848 2573 2028 2657 astrono-

463 2727 569 2800 mos,
586 2703 762 2812 planetas
782 2698 995 2811 primarios
1021 2697 1178 2783 circum
1194 2695 1334 2795 solern,
1360 2696 1620 2784 secundarios
1639 2725 1740 2784 vero
1761 2700 1916 2784 circum
1935 2696 2028 2782 suos

464 2825 693 2938 primarios,
718 2847 826 2906 areas
847 2821 1077 2907 describere
1105 2823 1357 2932 temporibus
1385 2823 1733 2934 proportionales,
1774 2821 2028 2935 consequens

466 2945 527 3032 esl
556 2965 603 3029 ut
629 2945 690 3029 vis
712 2944 797 3041 illa,
833 2969 913 3054 qua
933 2961 1135 3052 perpetuo
1153 2943 1454 3056 detorquentur
1476 2972 1499 3028 a
1524 2945 1781 3058 tangentibus
1813 2939 2029 3028 redilineis

466 3069 573 3160 &in
596 3068 739 3154 orbitis
764 3067 995 3152 curvilineis
1025 3066 1182 3150 revolvi
1210 3087 1437 3180 coguntur,
1464 3067 1598 3154 versus
1628 3093 1800 3181 corpora
1828 3067 2029 3176 dirigatur

325 3222 330 3229 ’
466 3192 653 3309 quesita
681 3196 770 3280 suut
796 3193 839 3276 in
859 3191 1083 3276 orbitatum
1108 3192 1272 3277 centris.
1327 3189 1436 3276 Haec
1455 3193 1667 3304 itaquevis
1687 3217 1771 3279 non
1790 3192 1929 3301 inepte
1954 3215 2029 3274 vo·

465 3322 551 3407 cari
582 3319 736 3434 potest,
773 3319 953 3431 respeslu
978 3316 1148 3431 quidem
1179 3317 1364 3429 corporis
1385 3315 1644 3414 revolventis,
1671 3316 1919 3424 centripetas,
1950 3309 2029 3398 res·

466 3445 590 3560 pedu
611 3469 746 3533 autem
766 3446 949 3557 corporis
962 3444 1163 3540 centralis,
1197 3441 1425 3542 armodius,
1454 3465 1735 3556 aquacunque
1752 3437 1920 3524 demum
1934 3459 2029 3522 ctu·

468 3575 508 3660 11
535 3573 635 3660 oriri
663 3573 848 3684 fingatur.

524 3698 640 3811 Quin
662 3694 705 3778 &
724 3699 812 3779 haec
841 3687 1292 3808 quoqueconeedenda
1318 3692 1429 3790 sunt,
1471 3693 1515 3778 &
1542 3689 1827 3776 mathematice
1856 3685 2030 3771 demon·

471 3829 663 3917 litantur:
693 3822 734 3907 Si
749 3847 919 3934 corpora
939 3822 1053 3931 plura
1075 3842 1192 3904 motu
1211 3819 1396 3932 aequabili
1413 3821 1671 3904 revolvantur
1691 3817 1734 3900 in
1752 3813 1913 3900 circulis
1932 3835 2031 3896 con·

471 3949 685 4048 centricis,
725 3948 769 4035 dc
793 3947 990 4062 quadrata
1011 3968 1244 4059 temporum
1265 3943 1572 4057 periodieorum
1594 3939 1669 4026 srnt
1695 3959 1740 4024 ut
1771 3939 1866 4024 cubi
1889 3937 2031 4022 dislau-

471 4081 619 4166 tiatum
643 4105 665 4162 a
685 4097 831 4160 centro
851 4071 1084 4169 communi;
1113 4073 1217 4157 vires
1238 4070 1483 4182 centripetas
1504 4065 1802 4155 revolventium
1823 4063 1913 4148 sore
1932 4063 2034 4146 reci·

472 4225 599 4311 proce
624 4219 669 4284 ut
696 4196 891 4311 quadrata
913 4194 1201 4280 distantiarum.
1256 4191 1352 4291 Vel,
1375 4193 1404 4276 fi
1431 4219 1606 4304 corpora
1624 4188 1884 4273 revolvantur
1905 4185 1945 4268 in
1968 4209 2034 4268 or·

473 4325 567 4409 bitis
587 4349 684 4437 ,quae
703 4323 792 4407 sunt
815 4321 978 4406 circulis
999 4321 1197 4419 finitimos,
1224 4319 1267 4402 81
1286 4317 1492 4432 quiescant
1517 4316 1740 4402 orbitarum
1772 4309 1946 4419 apsides;
1978 4307 2034 4389 vi·

472 4475 537 4534 res
555 4451 797 4559 centripetas
810 4447 1109 4533 revolventium
1130 4447 1219 4531 sore
1239 4449 1450 4557 reciproce
1470 4465 1514 4529 ut
1535 4441 1729 4557 quadrata
1747 4437 2035 4522 distantiarum.

473 4575 676 4662 Obtinere
695 4573 830 4660 casum
849 4575 1088 4659 alterutrum
1108 4575 1149 4657 in
1172 4573 1340 4684 planetis
1360 4572 1550 4658 universis
1572 4567 1828 4653 consentiunt
1856 4559 2037 4642 allrono·

474 4701 545 4790 mi.
601 4701 741 4814 ltaque
768 4703 873 4786 vires
902 4703 1141 4810 centripetas
1160 4700 1408 4808 planetarum
1436 4697 1620 4810 omnium
1643 4693 1731 4777 sunt
1752 4687 1965 4796 reciproce
1991 4705 2038 4768 ut

471 4827 670 4942 quadrata
688 4827 964 4912 dillantiatum
979 4826 1028 4911 ab
1042 4823 1205 4910 orbium
1224 4827 1386 4910 centris
1424 4823 1467 4906 si
1487 4823 1576 4934 quis
1590 4817 1753 4927 objiciat
1774 4815 2040 4927 planetarum,

472 4953 636 5044 &lunae
647 4951 887 5072 presertim,
906 4947 1059 5066 apsides
1079 4975 1161 5036 uon
1181 4951 1342 5061 penitus
1364 4944 1598 5061 quiescere3
1628 4941 1697 5028 sed
1717 4960 1837 5027 motu
1859 4937 2042 5145 qupdapn

741 5129 744 5136 ·
1194 5096 1210 5157 s
1946 5083 2044 5146 eno
