4338 5656
399 207 1430 346 rutmorntnmnrnnntnrrcn.
1558 287 1562 293 ·
1625 225 1723 348 481

176 421 280 510 infra
300 415 453 528 jovem.
509 409 632 496 Unde
659 406 911 519 consequens
936 403 993 490 est
1019 402 1135 517 quod
1163 403 1205 490 in
1234 399 1419 512 perigaeis
1447 395 1491 481 dc
1520 390 1949 538 periheliisqllsgffim

178 547 248 636 ubi
267 543 433 657 propius
453 537 611 636 adsunt,
640 531 893 620 descendunt
923 531 1064 644 sapius
1093 528 1197 614 infra
1218 527 1338 614 orbes
1372 523 1509 610 martis
1529 522 1573 608 δε
1604 524 1740 610 insert·

176 695 298 758 orum
318 667 582 778 planetarum.
1488 717 1490 720 -

227 791 513 880 Confirmatur
531 786 657 870 etiam
678 776 959 892 propinquitas
975 795 1228 862 cometarum
1243 802 1296 860 ex
1308 775 1399 859 luce
1415 771 1606 885 capitum.
1634 768 1743 856 Nam

176 917 360 1029 corporis
393 910 568 998 coelestis
589 935 611 993 a
637 907 720 992 sole
746 904 927 990 illustrati
948 902 1053 987 &in
1074 902 1261 1010 regiones
1289 899 1527 1012 longinquas
1548 896 1746 1003 abeuntis,

8 1055 23 1110 ¹¹·
170 1040 422 1129 diminuitur
445 1032 635 1148 splendor
661 1033 704 1116 in
722 1029 1027 1143 quadruplicata
1048 1028 1206 1116 ratione
1232 1023 1451 1110 dislantiae:
1481 1024 1522 1106 in
1542 1022 1745 1134 duplicata

181 1168 340 1254 ratione
359 1163 553 1247 videlicet
575 1158 631 1242 ob
651 1152 805 1241 audam
826 1153 1012 1264 corporis
1041 1152 1266 1236 dillantiam
1285 1178 1308 1233 a
1327 1149 1422 1247 sole,
1450 1147 1494 1232 &
1514 1149 1555 1233 in
1574 1150 1647 1232 alia
1669 1147 1743 1232 du-

176 1289 331 1400 plicata
358 1283 518 1371 ratione
543 1282 599 1366 ob
620 1279 863 1363 diminutam
883 1275 1129 1358 diametrum
1151 1277 1424 1386 apparentem.
1481 1269 1603 1376 Unde
1626 1269 1653 1354 fi
1675 1271 1747 1356 de·

184 1433 251 1498 tur
270 1408 313 1493 dt
334 1411 434 1494 lucis
452 1404 653 1518 quantitas
674 1399 717 1483 &
736 1424 930 1510 apparens
949 1398 1149 1482 diameter
1165 1419 1351 1494 cometae,
1372 1396 1533 1479 dabitur
1552 1393 1759 1492 dillantia,

179 1531 365 1618 dicendo
389 1525 505 1640 quod
527 1523 711 1608 distantia
738 1519 784 1604 srt
813 1517 866 1602 ad
887 1519 1113 1604 distantiam
1142 1521 1327 1630 planetae,
1354 1519 1396 1601 in
1419 1519 1575 1602 ratione
1595 1513 1750 1616 diame-

182 1658 236 1744 tri
259 1654 311 1740 ad
329 1655 577 1762 diametrum
596 1645 751 1732 diredie
780 1643 823 1726 dt
850 1643 1007 1728 ratione
1029 1641 1304 1753 subduplicata
1330 1642 1430 1726 lucis
1456 1641 1507 1724 ad
1535 1644 1669 1726 lucem
1689 1641 1750 1729 in·

184 1778 310 1864 verse.
359 1776 425 1862 Sic
446 1774 615 1858 minima
633 1768 813 1882 capillitii
834 1787 1008 1853 cornetae
1026 1761 1126 1852 anni
1144 1765 1244 1850 1682
1266 1765 1477 1861 diameter,
1508 1791 1580 1878 per
1603 1765 1748 1850 rubum

178 1902 371 2014 opticum
402 1896 610 1982 sexdecim
651 1891 805 2006 pedum
836 1920 859 1975 a
889 1889 1359 1999 Flamstedioobservata
1404 1890 1448 1974 dc
1479 1893 1746 1977 micrometro

183 2025 423 2120 mensurata,
451 2021 633 2134 aequabat
663 2015 718 2102 2‘.
737 2015 796 2099 o''
811 2052 822 2112 t
864 2017 1031 2100 nucleus
1051 2035 1188 2100 autem
1207 2014 1276 2101 seu
1296 2015 1402 2100 stella
1419 2017 1462 2100 in
1480 2016 1622 2102 medio
1641 2017 1748 2126 capi·

186 2153 238 2236 tis
266 2148 337 2231 vix
360 2144 562 2229 decimam
600 2161 757 2251 partem
788 2139 1012 2226 latitudinis
1037 2139 1154 2246 hujus
1182 2139 1423 2248 occupabat,
1460 2140 1640 2253 ideoque
1670 2143 1749 2226 lara

186 2292 273 2360 erat
299 2289 458 2352 tantum
482 2261 561 2348 11''
588 2265 654 2348 vel
684 2258 779 2346 12‘'.
834 2261 952 2344 Luce
978 2287 1080 2344 vero
1107 2261 1149 2342 &
1172 2263 1354 2346 claritate
1374 2263 1514 2372 capitis
1540 2264 1751 2374 superabat

188 2410 310 2504 caput
330 2405 506 2472 cometae
532 2382 626 2470 anni
659 2382 775 2479 1680,
802 2380 1009 2493 stellasque
1036 2381 1179 2494 primae
1208 2384 1273 2468 vel
1292 2382 1480 2468 secundae
1506 2386 1751 2498 magnitudi-

187 2519 249 2604 nis
271 2510 544 2598 aemulabatur.
600 2507 803 2590 Ponamus
831 2505 1036 2590 saturnum
1064 2529 1158 2588 cum
1181 2506 1329 2591 annulo
1356 2507 1429 2592 suo
1449 2509 1557 2622 q'uasr
1575 2511 1754 2626 quadru-

188 2642 259 2752 plo
285 2635 529 2722 lucidiorem
553 2631 695 2714 luisse:
740 2630 784 2713 &
809 2629 1004 2742 quoniam
1030 2631 1102 2714 lux
1133 2634 1267 2716 annuli
1293 2636 1592 2742 propemodum
1621 2662 1754 2750 aequa·

188 2760 259 2846 bat
280 2759 414 2842 lucem
435 2755 547 2866 globi
566 2751 813 2850 intermedii,
839 2751 1101 2836 &diameter
1122 2778 1315 2866 apparens
1334 2754 1446 2866 globi
1466 2755 1513 2840 fit
1527 2758 1636 2870 quast
1658 2757 1755 2860 21''‚

189 2881 460 2998 ideoquetux
478 2879 589 2990 globi
618 2877 662 2964 δι
685 2879 821 2965 annuli
846 2875 1093 2986 conjundim
1120 2901 1299 2992 aequaret
1322 2883 1456 2966 lucem
1486 2884 1613 2990 globi,
1641 2885 1755 2995 cujus

190 3007 390 3092 diameter
418 2999 516 3088 esset
548 3000 630 3100 3o''
645 3030 655 3085 z
692 3003 770 3084 erit
792 3000 976 3084 distantia
1001 3022 1176 3088 cometae
1204 3002 1262 3110 ad
1278 3001 1504 3089 distantiam
1531 3003 1680 3094 saturni
1707 3029 1754 3095 ut

195 3155 215 3214 1
251 3131 303 3216 ad
339 3125 403 3230 ,14
425 3124 596 3220 inverse,
625 3122 668 3206 δι
696 3117 777 3206 12''
802 3121 855 3206 ad
877 3117 959 3222 307‘
987 3124 1156 3221 diredie,
1183 3121 1318 3224 idest,
1346 3147 1391 3211 ut
1413 3156 1466 3232 24
1491 3129 1543 3214 ad
1569 3157 1618 3229 30
1637 3131 1753 3237 seu4

189 3252 244 3339 ad
274 3280 309 3356 5.
364 3249 520 3336 Rursus
548 3239 836 3335 comera'anni
872 3255 974 3352 1665
1001 3248 1138 3334 mense
1173 3235 1302 3364 aprili,
1349 3273 1394 3336 ut
1422 3257 1563 3338 audior
1588 3255 1645 3340 est
1671 3255 1756 3339 He·

193 3377 341 3472 vetius,
374 3375 557 3458 claritate
585 3373 652 3457 sua
679 3397 783 3484 pene
811 3369 910 3456 fixas
936 3399 1078 3459 omnes
1111 3372 1336 3485 superabat,
1367 3379 1592 3490 quinetiam
1625 3381 1757 3493 ipsum

191 3500 415 3596 saturnum,
442 3496 601 3582 ratione
631 3497 781 3582 coloris
812 3495 1008 3582 videlicet
1040 3500 1163 3608 longe
1189 3499 1412 3587 viridioris.
1467 3505 1636 3618 Quippe
1657 3503 1758 3590 luci·

195 3623 289 3710 dior
309 3639 396 3707 erat
424 3619 492 3704 hic
521 3640 685 3702 cometa
711 3618 840 3704 altero
864 3619 950 3719 illo,
977 3621 1049 3733 qui
1071 3621 1114 3706 in
1135 3620 1216 3708 fine
1235 3628 1328 3710 anni
1353 3629 1619 3737 precedentis
1641 3621 1758 3744 appass

180 3764 347 3846 uruerat,
377 3740 421 3827 δι
449 3767 544 3827 curn
580 3739 696 3826 stellis
718 3743 861 3853 primae
886 3745 1174 3854 magnitudinis
1200 3750 1497 3838 conferabatur.
1554 3753 1757 3842 Latitudo

197 3867 378 3978 capillitii
402 3886 487 3952 erat
517 3863 627 3977 quast
655 3860 711 3962 6‘‚
737 3886 776 3950 at
801 3867 968 3952 nucleus
990 3894 1085 3952 cnm
1111 3871 1279 3980 planetis
1302 3900 1382 3985 ope
1408 3878 1495 3962 rubi
1520 3877 1649 3991 optici
1674 3883 1759 3965 col·

195 3987 298 4072 latus
331 3986 448 4095 plane
483 3987 617 4069 minor
653 4005 737 4069 erat
765 3987 877 4095 jove,
918 3987 961 4070 dc
992 4016 1102 4075 nunc
1133 3997 1267 4078 minor
1301 4021 1477 4108 corpore
1508 4000 1757 4088 intermedio

195 4107 362 4206 saturni,
389 4133 497 4194 nunc
528 4108 599 4219 ipsr
628 4109 789 4219 aqualis
806 4108 1081 4217 judicabatur.
1136 4115 1270 4204 Porro
1289 4146 1384 4206 cum
1412 4124 1611 4210 diameter
1633 4125 1759 4237 capil-

196 4233 272 4320 litii
300 4250 555 4318 cometarum
584 4256 676 4314 raro
697 4231 859 4344 superet
890 4231 930 4316 8'
957 4237 1022 4322 vel
1052 4237 1130 4339 12⁷,
1158 4242 1357 4330 diameter
1384 4273 1484 4333 vero
1512 4231 1760 4348 nucleiseu

198 4355 318 4443 stellae
342 4357 532 4441 centralis
557 4354 603 4438 stt
622 4355 730 4466 quasr
753 4357 914 4443 decima
933 4362 997 4446 vel
1017 4361 1126 4450 sorte
1153 4368 1312 4454 decima
1334 4374 1473 4482 quinta
1497 4400 1586 4486 pars
1606 4376 1759 4460 diame·
1828 4461 1830 4464 ,

200 4478 255 4560 tri
273 4479 469 4587 capillitii,
495 4495 606 4590 patet
626 4475 752 4562 stellas
780 4478 897 4567 hasce
919 4486 1202 4594 utplurimum
1225 4489 1404 4599 ejusdem
1428 4494 1508 4580 esse
1534 4497 1760 4608 apparentis

200 4598 491 4706 magnitudinis
529 4625 624 4684 cum
664 4602 846 4716 planetis.
902 4602 1026 4692 Unde
1059 4636 1153 4697 cum
1188 4615 1259 4698 lox
1289 4639 1429 4702 earum
1455 4645 1551 4704 cum
1582 4622 1674 4704 luce
1704 4619 1762 4704 s·

199 4717 312 4826 turni
339 4745 422 4807 non
454 4747 546 4808 raro
575 4719 755 4810 conferri
785 4723 921 4838 possit,
956 4755 1128 4848 eamque
1161 4719 1377 4854 aliquando
1406 4740 1593 4854 superet;
1636 4743 1763 4828 mani.

915 4845 1045 4974 Q‘lq
1615 4865 1762 4955 sellum
