4344 5648
455 259 552 356 262
713 249 1748 394 PHILOSOPHIAE'NATURALIS

242 435 430 580 guntaro
453 447 565 517 terea
586 431 794 520 minuetur
817 429 923 516 AH
941 429 985 515 in
1011 426 1158 514 eadem
1183 427 1355 525 ratione,
1389 425 1435 509 δι
1455 423 1537 509 ΑΙ
1563 429 1769 516 minuetur
1798 431 1842 516 in
1865 431 2029 518 ratione

448 683 521 767 vel
552 683 723 792 gravitas
750 679 938 792 specifica
963 677 1034 762 sub
1058 681 1203 790 aequali
1225 677 1507 788 magnitudine
1534 677 1580 762 fit
1612 679 1762 776 minor,
1800 685 1865 767 vel
1897 684 2029 768 medii

452 803 627 894 densitas
647 803 791 912 major,
816 803 884 890 vel
899 799 1132 898 tefissentia,
1160 828 1211 887 ex
1232 801 1513 912 magnitudine
1540 801 1756 903 diminuta,
1782 805 2030 894 diminuitur

452 933 500 1021 in
524 933 685 1018 minore
715 929 874 1015 ratione
902 951 1024 1041 quam
1049 925 1223 1037 pondus.

511 1058 614 1172 Reg.
630 1086 669 1162 4.
705 1053 919 1166 Quoniam
949 1049 1121 1136 denfitas
1147 1049 1276 1138 medii
1301 1077 1431 1164 prope
1458 1053 1657 1140 verticem
1682 1052 1918 1167 hyperbolae
1945 1081 2030 1142 ma·

451 1181 518 1294 jor
536 1179 733 1294 estquam
752 1178 796 1262 in
813 1178 910 1264 loco
929 1177 979 1260 A
994 1210 1007 1272 t
1043 1197 1089 1260 ut
1119 1176 1313 1260 habeatur
1340 1177 1511 1263 densrtas
1540 1177 1776 1276 mediocris,
1811 1178 1938 1262 debet
1967 1207 2031 1265 ra.

454 1307 516 1392 tio
543 1302 724 1388 minimae
749 1299 1005 1411 tangentium
1023 1293 1113 1382 GT
1130 1299 1181 1384 ad
1201 1319 1437 1410 tangentem
1458 1299 1562 1386 AH
1573 1302 1762 1397 inveniri,
1793 1299 1836 1384 δι
1853 1299 2030 1388 densitas

453 1427 498 1514 in
515 1427 565 1510 A
588 1425 728 1536 augeri
748 1425 793 1510 in
812 1423 970 1509 ratione
988 1420 1110 1534 paulo
1140 1421 1294 1532 majore
1318 1449 1443 1538 quam
1472 1423 1740 1512 semisummae
1771 1427 1917 1512 harum
1944 1446 2029 1514 tan·

452 1551 642 1666 gentium
659 1549 712 1634 ad
731 1548 942 1634 minimam
959 1547 1215 1656 tangentium
1234 1546 1326 1632 GT.

508 1673 610 1786 Reg.
630 1661 666 1778 '5.
701 1669 743 1758 Si
758 1671 909 1759 dantur
930 1670 1332 1781 longitudinesAH,
1363 1669 1452 1771 AI,
1478 1671 1522 1758 δι
1545 1671 1811 1760 describenda
1834 1671 1880 1758 sit
1898 1671 2029 1783 figura

454 1799 638 1912 AGIK:
665 1797 828 1912 produc
853 1795 1030 1883 HNad
1056 1797 1116 1898 X,
1140 1818 1188 1885 ut
1211 1797 1258 1882 stt
1279 1795 1386 1882 ΗΧ
1405 1797 1457 1884 ad
1476 1798 1557 1885 AI
1579 1819 1625 1884 ut
1650 1797 1852 1909 n-t-rad
1874 1825 1913 1896 1,
1933 1823 2029 1884 cen·

456 1947 607 2038 troque
625 1921 673 2004 X
690 1921 734 2008 δι
754 1923 989 2037 asymptotis
1014 1921 1133 2022 MX,
1158 1919 1214 2004 N
1214 1921 1264 2006 X
1286 1946 1360 2036 per
1388 1921 1584 2036 punctum
1609 1927 1658 2010 A
1679 1925 1931 2012 describatur
1957 1924 2028 2034 hy·

455 2051 638 2167 perhola,
665 2075 713 2140 ea
730 2053 837 2168 lege,
863 2071 910 2140 ut
928 2051 976 2140 fit
994 2049 1076 2137 AI
1090 2049 1144 2138 ad
1162 2051 1347 2164 quamvis
1368 2049 1415 2138 V
1415 2052 1455 2136 G
1478 2071 1525 2140 ut
1546 2049 1596 2138 X
1598 2049 1647 2140 V
1647 2055 1663 2087 '⁵
1678 2050 1731 2139 ad
1747 2051 1796 2137 X
1803 2049 1834 2136 I
1838 2053 1853 2086 ¹
1874 2117 1884 2134 .

512 4087 610 4202 Reg.
632 4095 667 4171 6.
715 4091 815 4202 Quo
845 4089 974 4200 maior
1001 4091 1058 4177 est
1087 4119 1280 4184 numerus
1304 4127 1343 4198 n,
1374 4125 1428 4186 eo
1455 4101 1581 4210 magis
1612 4121 1813 4186 accuratae
1841 4105 1934 4190 sunt
1963 4105 2023 4186 ha

456 4213 692 4324 hyperbolae
718 4215 760 4298 in
786 4213 947 4300 ascensu
974 4221 1158 4330 corporis
1185 4224 1234 4306 ab
1260 4227 1314 4320 A,
1342 4224 1386 4308 δι
1404 4227 1537 4312 minus
1557 4249 1757 4312 accuratae
1782 4229 1825 4314 in
1843 4229 1930 4338 ejus
1954 4231 2027 4313 de-

457 4335 595 4423 scensu
622 4339 675 4423 ad
704 4340 751 4422 K
764 4376 775 4436 3
802 4337 849 4422 dc
878 4362 1032 4426 contra.
1088 4343 1330 4457 Hyperbola
1362 4352 1506 4436 conica
1537 4355 1791 4438 mediocrem
1821 4360 2027 4440 rationem

458 4485 585 4560 tenet,
600 4463 738 4578 estque
757 4469 914 4552 caeteris
933 4466 1162 4578 srmplicior.
1220 4471 1347 4581 Igitur
1366 4473 1393 4558 fi
1419 4477 1639 4590 hyperbola
1656 4479 1701 4564 stt
1721 4479 1836 4588 hujus
1850 4483 2029 4590 generis,

458 4587 503 4672 tta
520 4589 712 4698 puntiurn
727 4591 787 4688 K,
814 4591 885 4676 ubi
904 4617 1055 4701 corpur
1070 4592 1298 4704 projetium
1318 4598 1475 4684 incidet
1494 4603 1536 4686 in
1559 4603 1708 4688 retiam
1727 4605 1914 4716 quamvis
1929 4602 2032 4690 AN

454 4719 530 4822 per
567 4713 761 4822 punctum
793 4717 840 4796 A
868 4715 1154 4816 transeuntem,
1190 4741 1419 4834 quaeratur:
1457 4747 1646 4810 occurrat
1684 4725 1882 4838 producta
1921 4725 2033 4810 AN
2156 4789 2158 4800 ι

453 4838 689 4950 asymptotis
711 4839 828 4936 MX,
855 4840 907 4921 N
910 4844 957 4924 X
971 4846 1012 4928 in
1033 4845 1091 4927 M
1113 4845 1156 4930 &
1176 4848 1234 4946 N,
1253 4845 1492 4933 &sumatur
1519 4850 1619 4934 NK
1633 4854 1702 4964 ipsr
1727 4853 1835 4940 AM
1849 4856 2026 4967 aequalis.

514 4965 610 5078 Aeg.
631 4993 665 5069 7.
705 4959 760 5048 Et
803 4964 898 5051 hinc
933 4969 1062 5081 iiquet
1103 4971 1321 5059 methodus
1350 4972 1545 5086 expedita
1583 4976 1884 5064 determinandi
1922 4979 2029 5060 hanc

1875 5099 2029 5210 hyper·
