4338 5656
411 257 1442 368 uurucrprnnrnruenrn‘rrcn
1638 253 1739 374 465

188 473 240 552 90
263 439 451 553 gradibus
475 437 621 522 distant
643 463 665 517 a
684 434 781 530 sole,
808 431 886 517 five
905 433 1038 516 elevet
1059 429 1231 513 eandem
1253 427 1295 508 in
1318 422 1552 530 regionibus
1572 419 1642 504 lub
1665 417 1746 503 sole
1763 417 1961 559 Tfllffigs

189 567 233 652 dc
250 568 323 651 soli
344 563 550 676 oppositis,
577 563 662 644 haec
693 560 845 641 summa
876 559 953 641 erit
981 577 1068 639 tota
1093 554 1183 636 solis
1204 553 1262 635 vis
1284 551 1334 634 ad
1360 575 1469 633 mare
1490 547 1749 656 agitandum

188 690 427 776 &eundem
448 685 610 771 habebit
630 679 833 778 effetlum,
866 708 912 765 ac
938 679 965 763 fi
987 700 1072 762 tota
1093 678 1134 761 in
1155 676 1388 784 regionibus
1413 673 1484 757 sub
1510 674 1592 756 sole
1614 672 1657 755 tc
1681 670 1753 755 soli

186 815 379 928 oppositis
394 839 503 898 mare
519 813 708 904 elevaret,
735 809 777 891 In
798 805 1030 915 regionibus
1052 822 1187 886 autem
1209 826 1301 910 qure
1321 829 1373 905 90
1393 800 1582 908 gradibus
1605 798 1751 883 dillant

188 941 311 1025 asole
332 939 388 1023 niI
409 955 559 1046 ageret.

243 1060 352 1148 Haec
377 1061 435 1144 est
462 1061 528 1143 vis·
547 1059 637 1142 solis
666 1056 716 1140 ad
750 1083 860 1140 mare
883 1052 1076 1137 ciendum
1102 1053 1144 1136 in
1166 1052 1261 1134 Ioco
1288 1051 1432 1162 quovis
1458 1050 1571 1145 dato,
1598 1048 1669 1133 ubi
1694 1047 1752 1137 sol

189 1190 337 1271 tamin
359 1183 514 1268 vertice
538 1182 619 1264 loci
652 1180 829 1262 versatur
850 1204 972 1289 quam
999 1177 1039 1258 in
1067 1174 1268 1258 mediocri
1293 1176 1361 1255 sua
1380 1172 1563 1256 distantia
1589 1194 1749 1257 aterra.

1 1319 10 1333 ⁴
187 1312 233 1395 In
253 1311 338 1394 aliis
361 1307 450 1391 solis
467 1304 733 1416 positionibus
755 1304 813 1386 vis
837 1301 887 1385 ad
909 1323 1018 1381 mare
1037 1297 1306 1388 attollendum
1333 1295 1389 1378 est
1418 1315 1463 1378 ut
1487 1297 1590 1379 smus
1617 1296 1752 1378 versus

1 1442 3 1454 '
187 1437 323 1546 duplae
344 1431 568 1517 altitudinis
588 1429 679 1512 solis
703 1427 820 1537 supra
844 1423 1104 1508 horizontem
1125 1421 1206 1504 loci
1227 1415 1380 1503 diretle
1400 1419 1441 1502 dt
1465 1421 1592 1504 cubus
1611 1419 1756 1506 distan-

189 1562 255 1647 tiae
282 1558 371 1642 solis
401 1585 421 1638 a
444 1577 551 1639 terra
570 1552 706 1637 invers
731 1617 739 1632 .
1697 1617 1698 1622 a

242 1683 369 1766 Coral.
398 1678 508 1762 Cum
534 1678 595 1760 vis
619 1674 846 1783 centrifuga
870 1670 1046 1781 partIum
1073 1690 1194 1752 terrae
1215 1697 1236 1751 a
1257 1669 1406 1754 diurno
1427 1690 1547 1753 terrae
1570 1687 1688 1753 motu
1710 1696 1756 1752 o·

188 1807 347 1902 riunda,
374 1829 467 1916 quae
487 1799 544 1884 est
570 1799 621 1883 ad
647 1797 730 1880 vim
761 1795 964 1904 gravitatis
989 1815 1035 1876 ut
1070 1821 1087 1874 1
1117 1792 1168 1875 ad
1196 1793 1289 1897 289,
1317 1791 1469 1876 efficiat
1500 1815 1546 1876 ut
1576 1793 1751 1877 altitudo

189 1957 303 2042 aquae
321 1927 391 2011 sub
412 1942 616 2035 aequatore
634 1919 795 2030 superet
814 1917 898 2025 ejus
916 1916 1172 2000 altitudinem
1191 1914 1262 1999 sub
1281 1917 1383 2026 polis
1401 1916 1583 2001 mensura
1597 1918 1752 2026 pedum

190 2048 469 2160 Peristenstum
490 2047 630 2151 85472,
657 2063 702 2127 ut
727 2041 842 2152 supra
861 2041 902 2125 in
923 2066 1037 2150 prop.
1055 2041 1147 2134 xix3
1177 2040 1236 2122 vis
1259 2038 1392 2123 solaris
1415 2041 1468 2123 de
1483 2066 1562 2151 qua
1581 2043 1753 2148 egimus,

192 2203 288 2262 cum
306 2176 351 2258 stt
368 2174 419 2256 ad
435 2174 519 2256 vim
537 2167 741 2278 gravitatis
763 2187 808 2246 ut
834 2193 852 2244 1
875 2164 927 2247 ad
953 2163 1174 2258 12868200,
1198 2183 1322 2273 atque
1351 2165 1449 2247 ideo
1473 2166 1523 2247 ad
1543 2166 1625 2249 vim
1645 2168 1751 2250 illam

191 2294 462 2403 centrifugam
479 2313 526 2374 ut
544 2291 622 2395 289
639 2288 691 2371 ad
714 2285 925 2368 12868200
946 2284 1015 2368 seu
1042 2314 1059 2365 1
1080 2285 1131 2368 ad
1150 2312 1299 2389 44527,
1327 2283 1483 2370 efficiet
1509 2307 1552 2370 ut
1579 2290 1754 2373 altitudo

192 2445 307 2532 aquae
327 2418 371 2499 in
392 2412 624 2524 regionibus
640 2409 710 2492 sub
727 2407 809 2491 sole
829 2407 871 2489 δι
894 2404 966 2489 soli
986 2403 1178 2516 oppolitis
1205 2406 1365 2514 superet
1382 2407 1639 2492 altitudinem
1671 2411 1755 2519 ejus

195 2549 238 2631 in
256 2537 371 2634 loeis,
393 2562 485 2646 quae
504 2563 556 2642 90
575 2531 762 2643 gradibus
782 2528 926 2612 dillant
945 2557 966 2612 a
984 2528 1081 2620 sole,
1113 2527 1292 2612 mensura
1316 2549 1474 2614 tantum
1500 2533 1614 2641 pedis
1634 2535 1754 2618 unius

198 2656 434 2766 Paristenfis
445 2658 488 2743 δε
502 2658 727 2764 digitorum
741 2653 932 2738 undecim
948 2679 1043 2738 curn
1060 2652 1258 2738 tricesima
1279 2677 1393 2764 parte
1408 2655 1541 2765 digiti.
1559 2655 1629 2742 Est
1644 2659 1755 2744 enim

193 2786 280 2871 haec
302 2783 486 2868 mensura
504 2779 557 2866 ad
574 2776 799 2864 mensuram
819 2776 972 2886 pedum
996 2775 1124 2882 85472
1151 2798 1196 2864 ut
1228 2807 1246 2860 1
1269 2777 1319 2863 ad
1342 2806 1484 2886 44527.

245 3143 713 3245 PROPOSITIO
749 3140 998 3239 XXXVII.
1076 3142 1485 3239 PROBLEMA
1533 3146 1707 3247 XVIII.

492 3373 699 3476 Invenire
721 3369 814 3471 vim
837 3373 948 3470 lunae
970 3369 1038 3468 ad
1048 3409 1176 3472 mare
1198 3373 1470 3475 movendum.

250 3656 325 3745 Vis
340 3661 447 3746 lunae
463 3659 513 3746 ad
530 3681 641 3742 mare
654 3654 904 3741 movendum
922 3657 1149 3767 colligenda
1168 3658 1225 3742 ell
1242 3683 1295 3742 ex
1314 3657 1398 3765 ejus
1417 3663 1684 3772 proportIone
1698 3667 1753 3754 ad

196 3783 280 3867 vim
293 3781 396 3879 solis,
417 3781 462 3865 δι
479 3781 564 3865 lraec
580 3783 796 3892 proportio
810 3782 1039 3891 colligenda
1055 3782 1112 3866 ell
1131 3807 1184 3866 ex
1194 3783 1463 3892 proportione
1477 3807 1665 3874 motuum
1675 3786 1758 3878 ma·

196 3905 263 4001 ris,
280 3905 352 4016 qui
365 3905 416 3990 ab
429 3906 489 3988 bIs
507 3905 658 3989 viribus
677 3904 873 3989 oriuntur.
905 3908 1018 3991 Ante
1037 3903 1182 3990 ollium
1202 3905 1318 3991 lluvii
1338 3907 1491 3991 Avonae
1509 3911 1561 3994 ad
1580 3912 1768 4024 lapidem-

197 4028 365 4111 tertium
392 4026 495 4110 infra
521 4027 765 4130 Brillolium,
792 4050 980 4140 tempore
1012 4055 1141 4114 verno
1171 4028 1215 4112 ἅν
1246 4033 1464 4116 autumnali
1496 4054 1607 4120 totus
1640 4063 1757 4149 aquae

195 4147 376 4235 ascensus
398 4149 439 4231 in
471 4145 757 4256 conjundione
777 4150 820 4233 &
845 4150 1099 4262 oppositione
1124 4153 1398 4250 luminarium,
1427 4155 1665 4244 observante
1686 4165 1759 4246 Sa.

194 4271 321 4356 maele
338 4270 530 4368 Stantem,
555 4272 613 4355 est
640 4272 794 4382 pedum
825 4275 912 4384 plus
937 4273 1070 4356 minus
1091 4302 1156 4379 45,
1183 4275 1225 4359 in
1257 4277 1512 4388 quadraturis
1541 4301 1679 4367 autern
1700 4284 1759 4369 est

195 4394 350 4505 pedum
370 4413 528 4479 tantum
551 4423 614 4499 25.
669 4395 864 4482 Altitudo
893 4397 1005 4507 prior
1033 4423 1088 4482 ex
1115 4396 1269 4483 summa
1288 4401 1448 4495 virium,
1480 4405 1680 4513 posterior
1703 4435 1759 4496 ert

196 4517 419 4604 earundem
446 4515 676 4605 differentia
703 4523 845 4607 oritur.
900 4519 1009 4605 Solis
1033 4523 1223 4632 igitur&
1250 4526 1357 4613 lunae
1378 4530 1421 4611 in
1440 4553 1647 4641 aequarore
1670 4560 1760 4618 ver·

199 4639 369 4723 santium
387 4643 430 4726 &
454 4643 719 4730 mediocriter
737 4673 761 4729 a
779 4665 883 4730 terra
903 4644 1136 4733 distantium
1157 4649 1275 4736 sunto
1303 4649 1408 4738 vites
1424 4653 1454 4739 S
1470 4650 1517 4738 ἃ
1535 4655 1590 4757 L,
1617 4655 1662 4740 dc
1678 4661 1760 4746 erit

201 4759 325 4872 L·l-S
345 4763 397 4850 ad
416 4763 540 4852 L-S
557 4787 603 4853 ut
624 4793 675 4875 45
696 4769 747 4856 ad
768 4797 833 4875 25,
860 4767 928 4858 seu
951 4798 974 4876 9
996 4770 1046 4854 ad
1068 4799 1104 4873 5.
1406 4765 1409 4773 ‘

983 4893 1117 4984 Ooo
1715 4907 1761 4999 In
