4344 5648
420 205 823 302 PRINCIPIA
872 201 1471 303 MATHEMATICA.
1653 203 1748 316 267

235 373 400 462 Etenim
428 379 484 462 ob
512 377 653 462 datum
681 377 833 490 spatii
824 399 1125 464 incrementum
1154 375 1196 456 E
1204 377 1330 472 Dde
1359 377 1504 460 lineola
1526 374 1624 467 Dd‚
1654 399 1802 516 quaaSE
1808 377 1904 518 sqq!

180 501 487 587 decrementum
509 505 565 588 est
584 506 702 614 ipsius
723 505 836 602 GD,
855 507 932 589 erit
951 505 1162 610 reciproce
1184 525 1227 586 ut
1247 502 1288 584 E
1297 504 1360 597 D,
1390 505 1570 614 ideoque
1594 457 1829 584 disertam

179 649 224 708 ut
244 627 350 723 CD,
370 630 449 712 hoc
476 628 546 724 est,
574 650 620 711 ut
643 628 796 712 summa
823 627 1004 734 ejusdem
1030 629 1127 710 GD
1156 625 1198 708 &
1228 628 1498 734 longitudinis
1523 625 1629 708 datae
1657 622 1747 708 CG·

178 749 259 833 Sed
287 753 514 834 velocitatis
546 753 873 847 decrementum,
900 777 1088 861 tempore
1109 751 1178 834 sibi
1201 755 1413 861 reciproce
1442 749 1750 862 proportionali,

176 897 262 986 quo
290 875 383 958 data
412 876 525 988 spatii
554 878 747 987 particula
782 875 963 959 DdeE
1004 874 1258 970 describitur,
1295 876 1351 958 est
1376 899 1422 958 ut
1454 875 1670 960 resistentia
1705 871 1748 954 dc

179 1018 344 1109 tempus
370 998 633 1108 conjundim,
661 999 704 1082 id
732 998 803 1094 est,
840 999 996 1082 directe
1011 1017 1057 1081 ut
1077 999 1230 1082 summa
1254 998 1425 1084 duarum
1458 1001 1749 1112 quantitatum,

175 1149 350 1236 quarum
372 1150 451 1208 una
477 1123 601 1208 estut
628 1124 834 1220 velocitas,
861 1124 984 1206 altera
1004 1145 1049 1204 ut
1077 1123 1310 1205 velocitatis
1341 1123 1599 1234 quadratum,
1627 1120 1670 1204 ἃ
1690 1123 1750 1203 in·

177 1247 293 1330 verse
328 1267 374 1330 ut
407 1249 631 1345 velocitas;
673 1249 853 1359 ideoque
883 1245 1039 1331 diresie
1071 1267 1116 1330 ut
1150 1245 1303 1328 summa
1336 1248 1508 1330 duarum
1548 1245 1748 1358 quantita-

177 1389 282 1468 tum,
309 1397 481 1482 quarum
502 1397 581 1456 una
601 1370 735 1468 datur,
762 1373 885 1454 altera
913 1369 969 1452 est
998 1389 1044 1452 ut
1069 1368 1275 1452 velocitas.
1331 1367 1656 1452 Decrementum
1675 1367 1748 1476 igi-

177 1514 247 1576 tur
266 1513 348 1576 tam
378 1495 604 1578 velocitatis
622 1519 744 1605 quam
773 1493 891 1576 lineae
919 1493 956 1572 G
966 1492 1030 1587 D,
1065 1487 1188 1573 estut
1219 1492 1423 1600 quantitas
1450 1492 1541 1574 dara
1562 1489 1605 1574 δι
1625 1515 1750 1602 quan·

175 1617 269 1699 titas
302 1616 542 1702 decrescens
572 1614 835 1724 conjunsiint,
872 1612 915 1697 &
945 1633 1115 1724 propter
1153 1613 1319 1720 analoga
1353 1612 1629 1707 decrementa,
1656 1640 1749 1696 ana·

173 1740 282 1846 logae
308 1738 467 1850 semper
495 1760 614 1824 erunt
643 1738 888 1850 quantitates
915 1735 1226 1830 decrescentes,
1258 1735 1452 1820 nimirum
1482 1738 1674 1822 velocitas
1703 1735 1747 1820 δε

173 1865 281 1948 linea
308 1865 418 1948 GD.
476 1865 605 1982 QE.
631 1865 695 1947 D
1178 1925 1183 1933 .

232 1987 415 2072 Carasa
456 1986 497 2072 Si
523 1989 716 2072 'velocitas
745 2003 973 2097 exponatur
1001 2010 1075 2096 per
1095 1985 1396 2094 longitudinem
1424 1987 1535 2086 GD,
1574 1927 1746 2097 spatium

173 2108 428 2219 descriptum
442 2113 520 2195 erit
539 2131 585 2194 ut
611 2135 702 2194 area
719 2107 982 2220 hyperbolica
1002 2107 1203 2192 DESR.

233 2235 359 2320 Coros.
379 2265 416 2318 2.
456 2232 511 2318 Et
542 2234 801 2346 stutcunque
830 2231 1046 2317 assumatur
1069 2230 1266 2344 punsium
1297 2237 1354 2333 R,
1390 2235 1619 2320 invenietur
1646 2258 1750 2344 pun·

174 2358 287 2442 sium
316 2359 356 2441 G
383 2358 586 2471 capiendo
608 2359 691 2441 GR
713 2357 764 2442 ad
797 2359 909 2454 GD,
953 2379 998 2442 nt
1020 2359 1077 2444 est
1094 2360 1296 2444 ,velocitas
1321 2360 1393 2446 sub
1417 2360 1536 2444 initio
1563 2359 1614 2444 ad
1635 2361 1748 2444 velo·

173 2485 342 2569 citatem
367 2485 457 2594 posi
483 2485 659 2596 spatium
685 2482 862 2595 quodvis
894 2483 1024 2566 RSE
1033 2487 1085 2568 D
1103 2483 1365 2597 descriptum.
1420 2484 1592 2572 Invento
1610 2510 1748 2572 autem

172 2607 326 2720 punsio
353 2609 406 2706 G,
435 2609 555 2693 datur
572 2610 745 2721 spatium
762 2635 816 2692 ex
836 2609 930 2694 data
949 2610 1185 2707 velocitate,
1214 2609 1255 2692 δι
1275 2631 1431 2696 contra.

233 2735 357 2818 Corol.
381 2761 415 2830 3.
454 2731 579 2818 Unde
596 2758 694 2819 cum
724 2739 817 2844 (per
836 2757 951 2844 prop.
974 2744 1059 2844 xr.)
1077 2735 1200 2819 detur
1223 2736 1416 2820 velocitas
1446 2760 1499 2820 ex
1526 2736 1625 2821 dato
1645 2752 1747 2820 tem·

174 2881 293 2968 pore,
319 2857 364 2942 δι
381 2883 456 2970 per
480 2859 585 2946 hanc
613 2857 934 2972 propositionem
954 2861 1077 2946 detur
1102 2859 1282 2973 spatium·
1301 2887 1355 2948 ex
1377 2861 1472 2947 data
1496 2861 1741 2960 velocitate,

158 2981 340 3110 'dabitur
355 2985 527 3099 spatium
553 3012 607 3074 ex
625 2985 725 3074 dato
745 3005 957 3100 tempore:
987 2985 1031 3074 &
1057 3008 1213 3076 contra.
1253 3067 1258 3074 .

337 3193 801 3354 onooosrrro
837 3261 959 3351 xut.
1043 3257 1480 3353 Tnnonnmn
1521 3259 1582 3352 rt.

177 3433 322 3568 Postto
356 3434 480 3570 quad
505 3462 656 3572 corpur
687 3433 746 3533 ab
776 3433 986 3566 uniformi
1011 3435 1240 3570 gravitate
1271 3435 1467 3558 deorfiam
1502 3430 1745 3536 attraslum

247 3583 372 3686 reela
397 3583 590 3709 ascendit
615 3583 692 3683 ael
717 3583 934 3705 descendit
951 3639 976 3710 3.
997 3585 1065 3694 &⁹
1093 3587 1217 3725 quod
1240 3585 1379 3701 eidem
1400 3586 1607 3719 restslitur
1622 3617 1743 3726 par·

246 3737 328 3838 tim
350 3736 398 3836 iu
421 3737 594 3839 ratione
619 3737 875 3864 velocitatis,
908 3741 1089 3878 partim
1113 3739 1160 3838 in
1184 3738 1371 3870 ejusdem
1399 3741 1570 3840 ratione
1595 3741 1744 3880 dupli·

248 3921 350 3990 cata
365 3930 379 3988 .·
415 3890 508 3990 alico
527 3889 658 4026 quod,
668 3889 720 4022 st
743 3890 894 3990 circuli
920 3891 979 3998 ἔθ’
998 3891 1241 4031 hyperbolae
1264 3893 1492 3992 osiametris
1505 3893 1743 4030 paralleloe

248 4041 378 4144 ressa
404 4073 492 4184 per
531 4050 862 4180 conjugatarum
901 4047 1218 4146 diametrorum
1264 4046 1468 4150 terminos
1506 4047 1738 4174 ducantur,

248 4197 309 4304 8⁹?
331 4198 576 4300 velocitates
615 4228 683 4298 rut
704 4227 752 4297 ut
765 4207 995 4336 segmenta
1028 4202 1231 4336 quadam
1243 4201 1575 4340 parallelorum
1593 4237 1623 4298 a
1639 4201 1741 4300 dato

241 4352 405 4490 puullo
428 4350 594 4500 dueta,
631 4381 830 4493 tempora
853 4384 982 4456 eruut
1008 4383 1056 4452 ut
1088 4392 1298 4454 arearum
1316 4353 1519 4478 scalores,
1557 4351 1687 4456 rellis
1712 4393 1743 4456 a

250 4535 392 4606 centro
420 4509 488 4608 od
499 4514 821 4641 segmentorum
847 4509 1053 4610 terminos
1087 4507 1226 4608 dusiis
1252 4507 1425 4644 absciffi
1438 4545 1452 4606 .·
1489 4505 1549 4613 &¹
1574 4539 1739 4610 contra.

237 4752 331 4859 Caſs
353 4775 385 4832 ¹·
429 4755 628 4840 ponamus
658 4755 795 4865 primo
820 4753 934 4869 quod
963 4779 1111 4866 corpus
1147 4751 1340 4852 ascendit,
1377 4771 1605 4866 centroque
1624 4751 1676 4832 D
1699 4749 1743 4836 δι

176 4876 482 4972 semidiametro
508 4877 655 4992 (11101ἱς
683 4879 786 4962 DB
815 4881 1066 5091 ἀθξῧῑῗῃῧῑξῐ
1092 4879 1235 4965 circuli
1267 4877 1468 4994 quadrans
1493 4875 1578 4959 BE
1587 4873 1747 5112 mpii
