4312 5652
427 341 520 436 242
691 293 1224 404 puttosotrtta
1259 279 1720 386 maturatis

199 487 253 549 tta
276 487 396 544 Μοτῦ
423 502 489 567 tur
509 482 615 566 inter
639 475 692 572 se,
723 473 766 562 ἃ
798 473 1035 558 velocitates
1055 466 1197 582 primae
1221 461 1328 556 AB,
1355 455 1460 544 DE
1478 456 1568 538 sunt
1588 451 1738 535 ultimis
1764 445 1833 546 ab,
1862 447 1933 549 de,
1955 448 2006 534 δι

209 569 388 629 ‘mmm‘
421 628 640 717 propterea
662 593 887 688 dividendo
911 595 1090 709 parribus
1118 594 1242 678 etiam
1270 587 1347 674 suis
1367 578 1512 668 amissas
1532 575 1751 678 AB-ab,
1778 572 1978 660 DE-d
1984 601 2007 658 e

419 729 759 845 proportionales.
817 723 937 845 QE.
960 723 1024 805 D.

586 945 1054 1053 PROPOSITIO
1091 945 1196 1046 Vll.
1280 936 1721 1037 THEOREMA
1763 929 1828 1032 V.

423 1125 621 1260 Corpora
641 1118 868 1258 sphaerico
892 1111 1046 1250 quibos
1079 1109 1286 1242 rrssstitor
1309 1104 1357 1202 in
1386 1100 1614 1240 duplicato
1641 1097 1814 1197 ratione
1838 1097 2008 1199 veloci·

488 1291 653 1384 totum,
679 1253 956 1392 temporibus,
985 1289 1085 1387 qrrae
1100 1256 1209 1374 suot
1234 1277 1281 1345 ut
1305 1271 1438 1341 motus
1463 1239 1610 1382 primi
1641 1237 1814 1338 diresle
1842 1238 1904 1344 ἔθ’
1927 1279 2006 1340 re·

480 1399 689 1536 ststeotiae
707 1399 869 1533 primo
893 1391 1078 1511 inverss’,
1114 1387 1321 1486 amittent
1354 1410 1507 1520 portes
1531 1405 1724 1476 motuum
1750 1379 2008 1515 proportio·

495 1541 615 1640 noles
656 1535 769 1659 totis,
812 1535 873 1640 &³
891 1529 1049 1666 spatio
1072 1525 1312 1650 describent
1342 1518 1604 1662 temporibus
1638 1514 1726 1650 istis
1749 1515 1810 1627 &
1843 1519 2009 1620 veloci.

494 1677 656 1778 tatibus
675 1672 842 1814 primis
879 1667 1138 1802 coojunssim
1166 1657 1534 1806 proportionalia.

481 1857 672 1968 Namque
702 1871 892 1938 motuum
924 1864 1059 1959 partes
1095 1841 1242 1931 amislae
1280 1841 1372 1926 sunt
1402 1856 1448 1922 ut
1483 1833 1717 1922 resistentie
1745 1836 2009 1954 &tempora

427 1976 691 2089 coniunslim.
748 1975 876 2086 Igitur
899 1994 944 2058 ut
975 1990 1108 2082 partes
1135 1971 1212 2053 illae
1242 1967 1317 2051 fint
1344 1963 1441 2048 totis
1464 1962 1808 2074 proportionales,
1834 1963 2008 2051 debebit

426 2099 716 2191 resistentia&
745 2120 906 2212 tempus
939 2091 1189 2203 conjunblim
1220 2090 1300 2176 elle
1334 2109 1380 2173 ut
1407 2109 1555 2172 motus.
1625 2085 1807 2172 Proinde
1843 2111 2007 2202 tempus

426 2231 505 2316 erit
523 2251 568 2314 ut
598 2247 734 2314 motus
755 2223 910 2310 diresle
939 2220 982 2306 dt
1009 2218 1227 2304 tesrllentia
1255 2213 1423 2302 inverse.
1479 2213 1620 2326 Quare
1646 2232 1885 2326 temporum·
1917 2244 2008 2330 par-

428 2357 562 2442 ticulis
591 2355 633 2440 in
677 2381 725 2440 ea
762 2352 923 2438 ratione
954 2346 1136 2460 sumptis,
1173 2371 1349 2458 corpora
1376 2347 1563 2427 amittent
1601 2338 1760 2451 semper
1792 2345 2013 2454 particulas

427 2500 622 2566 motuum
644 2475 971 2591 proportionales
998 2471 1112 2570 rotis,
1147 2469 1330 2583 ideoque
1366 2463 1602 2552 retinebunt
1632 2466 1875 2554 velocitates
1897 2473 2009 2556 velo·

427 2601 617 2692 citatibus
639 2601 717 2687 suis
750 2601 891 2712 primis
910 2600 1068 2710 semper
1097 2593 1436 2710 proportionales.
1493 2585 1548 2674 Et
1574 2590 1630 2673 ob
1651 2590 1788 2676 datam
1812 2595 2002 2681 velocita-

429 2749 518 2814 tum
548 2726 766 2823 rationem,
807 2719 1236 2833 describent'semper
1269 2715 1407 2828 spatia,
1445 2739 1538 2828 quae
1566 2712 1659 2800 sunt
1693 2734 1740 2800 ut
1771 2719 2012 2806 velocitates

426 2854 570 2966 primae
589 2849 633 2934 δι
656 2869 843 2958 tempora
862 2841 1129 2954 conjunslim.
1180 2839 1303 2960 ἐμ.
1317 2841 1382 2927 D.
1918 2919 1919 2922 ι

484 2975 609 3060 Corol.
632 3000 665 3056 1.
705 2971 833 3082 lgirur
852 2970 881 3056 fi
901 2969 1220 3086 aequivelocibus
1246 2964 1490 3077 corporibus
1516 2961 1709 3052 refistitur
1732 2966 1776 3052 in
1803 2967 2015 3080 duplicata

429 3101 587 3187 ratione
614 3095 938 3183 diametrorum:
978 3095 1091 3206 globi
1119 3091 1370 3202 homogenei
1394 3089 1709 3206 quibuscunque
1721 3117 1816 3179 cum
1847 3097 2009 3185 veloci-

427 3228 576 3315 tatibus
604 3225 721 3323 moti,
749 3218 1162 3332 describendospatia
1182 3219 1391 3306 diametris
1417 3217 1495 3301 suis
1522 3218 1853 3330 proportionalia,
1885 3224 2009 3307 amit·

429 3370 516 3440 tent
540 3370 675 3464 partes
693 3369 882 3435 motuum
904 3347 1231 3462 proportionales
1260 3345 1369 3430 totis.
1425 3341 1571 3428 Motus
1600 3345 1710 3429 enim
1736 3345 1850 3454 globi
1877 3345 2007 3456 cujus·

428 3503 509 3592 que
528 3478 606 3564 erit
624 3498 670 3562 ut
691 3473 775 3586 ejus
794 3473 989 3560 velocitas
1009 3471 1053 3558 bt
1082 3467 1199 3558 massa
1225 3464 1490 3579 conlundim
1521 3468 1656 3568 idest,
1686 3489 1731 3553 ut
1753 3473 1946 3560 velocitas
1963 3471 2008 3558 δι

427 3602 556 3686 cubus
583 3600 800 3698 diametri;
829 3600 1047 3684 resistentia
1068 3600 1160 3708 (per
1182 3593 1450 3708 hypothesin).
1468 3593 1546 3680 erit
1576 3614 1622 3679 ut
1652 3592 1898 3708 quadratum
1921 3597 2004 3682 dia

428 3719 550 3807 metri
570 3721 613 3804 &
632 3722 876 3833 quadratum
897 3722 1121 3805 velocitatis
1144 3717 1419 3828 conjuntlim3
1439 3717 1481 3801 oc
1502 3739 1663 3830 tempus
1683 3721 1777 3830 (per
1796 3721 1899 3804 hanc
1914 3746 2007 3831 pro-

428 3843 694 3956 positionem)
714 3843 833 3928 estin
852 3843 1010 3927 ratione
1035 3845 1174 3954 priore
1202 3843 1357 3928 diresle
1378 3841 1421 3926 &
1441 3845 1599 3928 ratione
1619 3842 1846 3958 posteriore
1870 3845 2005 3931 invet-

426 3975 482 4068 se,
509 3970 634 4066 idest,
651 3991 696 4054 ut
722 3969 921 4054 diameter
942 3970 1097 4055 diresle
1120 3969 1379 4056 &velocitas
1404 3971 1589 4073 inverse:
1617 3971 1799 4086 ideoque
1821 3970 2014 4085 spatium,

427 4095 604 4204 tempori
625 4092 891 4178 &velocitati
913 4095 1238 4208 proportionale,
1268 4094 1325 4182 est
1346 4115 1391 4180 ut
1411 4095 1625 4184 diameter.
2005 4173 2011 4182 ,

483 4217 608 4300 Coros.
629 4245 665 4300 2.
707 4213 750 4299 Si
779 4217 1097 4329 aequivelocibus
1124 4219 1367 4332 corporibus
1395 4219 1585 4306 resistitur
1605 4221 1647 4306 in
1669 4220 1828 4308 ratione
1860 4220 2008 4336 sesqui·

312 4335 315 4342 ’
427 4340 573 4449 plicata
594 4339 916 4424 diametrorum:
948 4341 1058 4450 globi
1079 4342 1327 4453 homogenei
1354 4344 1665 4459 quibuscunque
1693 4373 1790 4431 cum
1811 4348 2007 4433 velocita-

428 4464 535 4549 ribus
555 4468 672 4562 moti,
700 4465 973 4550 describendo
998 4466 1123 4579 spatia
1143 4469 1185 4554 in
1209 4469 1491 4583 sesquiplicata.
1514 4475 1673 4562 ratione
1693 4473 2009 4582 diametrorum,

428 4591 616 4675 amittent
645 4608 779 4701 partes
800 4611 990 4675 motuum
1009 4595 1335 4704 proportionales
1354 4598 1467 4682 totis.
2148 4581 2149 4646 l

486 4715 613 4798 Coros.
636 4743 670 4812 3·
698 4710 753 4797 Et
773 4715 1061 4816 universaliter,
1097 4718 1464 4834 sraequivelocibus
1495 4727 1737 4836 corporibus
1755 4725 1948 4812 resistitur
1966 4726 2011 4814 in

427 4843 586 4928 ratione
627 4841 836 4952 dignitatis
873 4840 1149 4959 cujuscunque
1178 4848 1504 4938 diametrorum:
1548 4852 1673 4966 spatia
1709 4854 1857 4970 quibus
1891 4852 2011 4964 globi

428 4965 693 5078 homogenei,
717 4963 1028 5084 quibuscunque
1058 4997 1159 5060 cum
1183 4976 1468 5068 velocitatibus
1491 4981 1611 5085 moti,
1651 4984 1842 5071 amittent
1870 5001 2014 5092 partes¹

1812 5125 2015 5192 motuum-
